2482 3178
189 157 230 190 40
421 152 654 188 cardinales
678 151 901 196 presby-teri
923 151 981 185 tit.
1007 160 1035 185 s.
1061 151 1263 190 Balbinae,
1289 159 1318 184 s.
1343 149 1550 190 Caeciliae,
1576 160 1605 185 s.
1631 150 1890 195 Chrysogoni,
1915 161 1944 186 s.
1970 151 2187 188 Clementis

190 260 377 291 Pictavinus
397 258 436 290 de
457 257 693 298 Montesquino,
715 267 764 297 ep.
788 255 911 286 Albien.
934 255 1078 295 (XXIII,
1103 256 1168 293 19),
1187 265 1288 295 prom.
1313 255 1392 285 1350
1413 254 1489 285 Dec.
1514 254 1561 291 17,
1583 254 1665 285 obiit
1688 256 1766 285 1355
1788 254 1879 286 Febr.
1904 257 1931 286 1.

190 314 304 344 Petrus
322 313 361 344 de
380 312 512 343 Foresta
531 311 567 342 O.
590 310 620 342 S.
641 311 689 347 B„
709 320 778 350 aep.
798 309 992 349 Rothomag.
1013 308 1149 347 (XXIV,
1169 308 1212 347 7),
1232 318 1333 348 prom.
1355 309 1433 338 1356
1452 308 1528 338 Dec.
1547 308 1597 345 23,
1617 307 1698 339 obiit
1718 309 1793 339 1361
1816 308 1907 340 ‚Junii
1924 308 1963 340 27
1983 308 2022 340 al.
2042 309 2071 340 7.

191 366 372 398 Bernardus
392 366 431 396 de
451 365 625 405 Bosqueto,
647 375 715 404 aep.
737 362 869 403 Neapol.
892 362 1010 402 (XXV,
1031 363 1074 400 8),
1095 372 1196 402 prom.
1220 362 1298 391 1368
1321 360 1408 402 Sept.
1430 362 1480 398 22,
1500 360 1582 392 obiit
1603 361 1678 392 1371
1701 362 1777 402 Apr.
1801 363 1848 392 19.

191 420 352 451 Robertus
369 419 409 450 de
429 418 598 454 Gebennis,
617 428 666 458 ep.
687 417 887 448 Cameracen.
908 415 1045 455 (XXVI,
1064 416 1106 454 5),
1126 426 1227 456 prom.
1250 414 1324 445 1371
1341 415 1421 449 ,Maii
1440 415 1489 451 30,
1509 414 1605 446 exalt.
1626 415 1657 446 in
1679 414 1709 446 S.
1729 415 1764 446 P.
1785 415 1877 447 obed.
1897 415 1993 447 Avin.
2014 416 2123 455 (Clem.
2142 416 2231 457 VII).

192 474 333 505 Joannes
353 473 441 504 Oeko
461 472 499 503 de
519 471 661 507 Wlasim,
682 481 750 511 aep.
771 470 905 510 Pragen.
927 468 1082 508 (XXVII,
1104 468 1165 507 17),
1187 479 1287 509 prom.
1311 468 1389 499 1378
1411 468 1498 509 Sept.
1521 469 1569 505 18,
1589 468 1671 500 obiit
1691 469 1771 499 1380
1791 469 1865 500 Jan.
1891 471 1938 500 14.

191 526 376 559 Fernandus
398 525 540 562 Calvillo,
563 535 611 565 ep.
635 524 776 555 Tirason.
801 522 942 562 (XXXI,
965 523 1007 561 2),
1030 533 1130 563 prom.
1157 521 1233 552 1397
1260 522 1346 562 Sept.
1369 523 1419 558 22,
1442 521 1523 553 obiit
1544 532 1572 552 a.
1598 522 1686 552 1404.

190 580 304 612 Petrus
322 580 360 611 de
380 579 501 610 Candia
520 578 555 609 O.
576 578 664 614 Min„
684 588 752 618 aep.
773 576 942 607 Mediolan.
964 576 1104 615 (XXIX,
1125 577 1167 614 6),
1188 586 1288 616 prom.
1311 576 1389 606 1405
1410 575 1499 606 Junii
1520 576 1567 612 12,
1588 575 1684 606 exalt.
1705 576 1737 606 in
1759 575 1789 606 S.
1809 576 1845 606 P.
1866 576 1958 607 obed.
1977 577 2083 608 Pisan.
2105 577 2208 616 (Alex.
2228 577 2281 617 V).

189 633 371 665 Ludovicus
391 632 429 663 de
450 632 559 668 Barro,
581 631 661 662 diac.
683 642 706 661 s.
729 630 860 661 Adriani
881 629 1021 670 (XXXI,
1043 629 1085 668 7),
1106 628 1217 659 transl.
1240 629 1318 659 1409
1340 628 1419 660 Julii
1439 630 1467 666 2,
1489 628 1601 659 transf.
1623 628 1665 659 ad
1684 629 1836 660 Portuen.
1859 631 1937 660 1412
1961 630 2048 671 Sept.
2069 631 2118 662 23.

1096 749 1115 780 J
1140 737 1169 768 S.
1212 736 1480 775 Balbinae.¹)

192 811 299 843 Simon
320 811 359 843 de
381 812 521 842 Caritate
543 810 578 841 O.
602 810 690 841 Clun.
714 809 835 849 (XVII,
857 810 899 848 9),
921 819 1021 850 prom.
1045 810 1123 839 1294
1147 808 1234 849 Sept.
1259 809 1306 845 18,
1328 807 1409 839 obiit
1429 818 1457 838 a.
1482 807 1570 838 1297.

189 865 344 897 Elziarius
362 865 401 896 de
423 864 576 901 SabranO,
597 875 645 904 ep.
667 863 813 894 Theatin.
835 862 990 902 (XXVII,
1012 863 1073 901 19),
1094 873 1194 903 prom.
1218 861 1296 892 1378
1317 861 1405 902 Sept.
1428 863 1475 899 18,
1495 861 1577 892 obiit
1597 861 1675 892 1379
1695 863 1772 897 (non
1797 862 1887 902 1380)
1907 862 1988 904 Aug.
2010 864 2058 894 25.

189 918 361 950 Bandellus
381 918 419 949 de
440 917 611 954 Bandellis,
632 928 680 958 ep.
704 917 876 948 Ariminen.
898 916 1058 956 (XXXII,
1078 917 1121 955 8),
1143 926 1243 956 prom.
1268 916 1345 945 1408
1368 915 1455 956 Sept.
1479 916 1526 952 19,
1547 914 1628 946 obiit
1650 916 1727 945 1416
1748 927 1789 946 10.
1812 915 1883 947 Oct.

191 972 366 1004 Guilelmus
386 971 560 1008 Carbonus,
581 982 629 1011 ep.
651 970 797 1002 Theatin.
820 969 990 1009 (XXXIV,
1013 970 1074 1008 12),
1095 980 1196 1010 prom.
1220 970 1294 999 1411
1319 969 1410 1000 Junii
1429 970 1458 1005 6,
1478 968 1559 1000 obiit
1581 970 1659 1000 1418
1677 969 1760 1000 Nov.
1785 970 1834 1000 22.

1094 1026 1102 1054 Ι

1084 1057 1111 1090 μ’
1141 1077 1170 1108 S.
1213 1076 1465 1108 caeciliae.

189 1159 303 1191 Petrus
322 1159 528 1191 Placentinus
548 1160 632 1200 (pag.
655 1160 672 1189 3
693 1162 760 1189 not.
784 1160 797 1188 1
820 1169 867 1188 nr.
889 1158 931 1197 4),
953 1168 1053 1198 prom.
1077 1158 1165 1194 1188,
1187 1156 1268 1188 obiit
1290 1157 1377 1187 1208.

190 1213 345 1254 Pelagius,
366 1213 447 1244 diac.
470 1224 493 1243 s.
515 1212 632 1243 Luciae
654 1213 685 1243 in
709 1212 808 1252 Sept,
830 1211 940 1242 transl.
964 1212 1053 1248 1210,
1074 1203 1194 1242 transis
1211 1210 1251 1241 ad
1273 1210 1429 1241 Albanen.
1454 1211 1541 1241 1213.

192 1267 345 1306 Sim(e)on
365 1266 404 1298 de
425 1266 560 1298 Solliaco
580 1266 656 1305 (III,
678 1266 739 1304 10),
760 1276 860 1306 prom.
884 1266 959 1295 1231
981 1276 1023 1295 10.
1046 1265 1146 1305 Sept,
1166 1264 1247 1296 obiit
1268 1265 1346 1294 1232
1367 1265 1447 1305 Aug.
1468 1265 1486 1294 9
1510 1265 1587 1303 (non
1611 1264 1687 1295 Jun.
1710 1265 1772 1304 25).

192 1321 299 1352 Simon
319 1320 534 1361 Mompi(tiu)s
554 1319 641 1359 (VII,
662 1320 704 1358 4),
725 1330 826 1360 prom.
850 1319 925 1349 1261
947 1330 989 1349 m.
1010 1318 1098 1355 Dec„
1119 1318 1216 1350 exalt.
1238 1318 1268 1349 111
1292 1317 1322 1348 S.
1343 1318 1378 1348 P.
1401 1317 1508 1357 (Mart.
1530 1310 1599 1356 IV).

190 1374 332 1406 Joannes
354 1373 465 1405 Cholet
487 1373 590 1413 (XIV,
612 1374 655 1412 3),
678 1383 779 1413 prom.
804 1373 893 1409 1281,
915 1372 996 1403 obiit
1019 1373 1096 1402 1293
1119 1372 1199 1412 Aug.
1223 1373 1241 1402 2
1266 1373 1339 1411 (non
1367 1372 1469 1410 1292).

189 1427 327 1458 Thomas
346 1427 385 1458 de
405 1427 487 1458 Ocra
506 1427 543 1458 Ο.
564 1426 647 1458 Coel.
669 1426 790 1466 (XVII,
810 1427 853 1465 3),
874 1437 974 1466 prom.
997 1427 1075 1456 1294
1097 1425 1184 1466 Sept.
1207 1426 1254 1462 18,
1275 1425 1356 1456 obiit
1376 1425 1456 1456 1300
1473 1424 1549 1455 Maii
1568 1425 1617 1455 29.

191 1481 366 1512 Guilelmus
384 1481 472 1512 Petri
491 1480 595 1512 Godin
615 1480 652 1511 O.
672 1479 784 1511 Praed.
805 1479 895 1518 (XX,
914 1480 977 1518 22),
996 1479 1021 1518 1)
1041 1490 1141 1520 prom.
1164 1480 1242 1509 1312
1262 1479 1337 1510 Dec.
1358 1479 1407 1516 24,
1427 1478 1480 1509 trf.
1501 1478 1542 1509 ad
1563 1478 1671 1509 Sabin.
1693 1478 1770 1509 1317
1793 1479 1879 1520 Sept.
1901 1481 1949 1511 12.

191 1534 295 1566 Guido
315 1534 354 1566 de
374 1534 518 1572 Bolonia,
539 1545 608 1575 aep.
629 1533 776 1575 Lugdun.
798 1533 942 1572 (XXIII,
962 1534 1004 1572 2),
1026 1543 1126 1573 prom.
1150 1534 1227 1563 1342
1251 1532 1337 1573 Sept.
1359 1533 1408 1569 20,
1429 1531 1482 1563 trf.
1504 1531 1545 1563 ad
1564 1532 1716 1564 Portuen.
1739 1533 1827 1563 1350.

189 1588 387 1619 Bertrandus
407 1588 555 1629 Atgerius
574 1587 611 1619 Ο.
631 1587 720 1624 Μ10.,
741 1587 791 1618 tit.
813 1597 836 1617 s.
857 1587 993 1623 Priscae,
1014 1586 1124 1617 transl.
1145 1597 1172 1617 0,
1194 1597 1221 1617 a.
1245 1586 1333 1623 1375,
1354 1590 1393 1617 tr.
1415 1585 1456 1616 ad
1476 1585 1598 1617 Ostien.
1621 1585 1709 1617 1378.

190 1641 419 1673 Bonaventura
437 1641 476 1672 de
494 1641 607 1672 Padua
626 1641 662 1672 O.
684 1641 736 1671 Er.
757 1651 780 1671 s.
802 1641 838 1671 A.
859 1641 945 1681 prior
962 1651 1032 1681 gen.
1053 1640 1208 1680 (XXVII,
1229 1642 1271 1679 6),
1292 1650 1392 1680 prom.
1415 1639 1493 1670 1378
1516 1639 1602 1680 Sept.
1625 1640 1672 1677 18,
1692 1639 1773 1670 obiit
1793 1641 1881 1671 1389.

191 1695 294 1726 Adam
311 1695 350 1726 de
368 1695 468 1726 Eston
487 1695 524 1726 Ο.
546 1695 575 1726 S.
595 1695 632 1725 Β,
652 1695 702 1725 tit.
723 1720 729 1725 .
750 1719 755 1725 .
777 1719 782 1724 .
803 1719 809 1724 .
829 1693 984 1733 (XXVII,
1003 1695 1066 1733 26),
1085 1693 1195 1724 transl.
1216 1695 1294 1724 1389
1312 1693 1388 1724 Dec.
1410 1694 1457 1730 18,
1475 1692 1556 1724 obiit
1575 1694 1654 1723 1398
1671 1694 1751 1735 Aug.
1774 1694 1820 1724 15.

192 1748 367 1780 Guilelmus
386 1748 425 1780 de
444 1749 598 1789 Vergeyo,
619 1759 688 1789 aep.
710 1748 869 1779 Bisuntin.
891 1747 1014 1786 (XXX,
1035 1748 1098 1786 33),
1119 1758 1219 1788 prom.
1243 1748 1317 1778 1391
1341 1747 1417 1788 Apr.
1441 1747 1488 1783 17,
1508 1746 1590 1777 obiit
1608 1757 1634 1777 0.
1657 1747 1745 1778 1407.

191 1803 348 1833 Antonius
368 1802 407 1833 de
428 1802 600 1843 Cajetanis,
622 1806 704 1842 patr.
727 1801 911 1842 Aquilegen.
934 1801 1108 1840 (XXVIII,
1129 1802 1172 1840 5),
1194 1812 1294 1842 prom.
1318 1801 1396 1831 1402
1418 1800 1509 1831 Febr.
1531 1800 1580 1836 27,
1602 1800 1655 1831 trf.
1677 1800 1719 1831 ad
1739 1801 1936 1832 Praenestin.
1960 1802 2049 1832 1405.

194 1856 349 1887 Antonius
366 1856 405 1886 de
424 1855 591 1892 Chalanto,
610 1855 690 1886 diac.
711 1866 734 1886 s.
753 1855 873 1885 Mariae
891 1855 922 1885 in
939 1863 971 1885 v.
991 1854 1021 1891 1.,
1041 1854 1151 1885 transl.
1174 1856 1251 1885 1412
1269 1854 1364 1885 Mart.
1387 1855 1434 1890 19,
1453 1853 1534 1885 obiit
1553 1855 1631 1884 1418
1652 1853 1739 1895 Sept.
1759 1856 1777 1884 4
1796 1854 1835 1885 al.
1855 1855 1912 1894 5.²)

190 1908 371 1940 Ludovicus
393 1909 573 1945 Alamandi‚
595 1920 664 1949 aep.
688 1908 806 1939 Arelat.
830 1908 983 1947 (XXXV,
1005 1910 1047 1945 2),
1069 1919 1170 1949 prom.
1195 1909 1273 1938 1426
1294 1908 1370 1938 Maii
1390 1909 1440 1944 24,
1462 1907 1543 1938 obiit
1564 1918 1592 1938 a.
1617 1908 1704 1938 1450.

1105 2016 1134 2047 S.
1178 2015 1509 2053 chrysogonffl)

192 2096 374 2137 Stephanus
394 2096 542 2137 Langton
565 2096 604 2135 (I,
629 2098 689 2135 18),
712 2107 812 2137 prom.
838 2097 915 2126 1205
939 2096 988 2127 vel
1010 2097 1098 2133 1206,
1121 2096 1202 2127 obiit
1226 2097 1303 2126 1228
1329 2095 1393 2126 Jul.
1418 2096 1446 2126 9.

190 2149 353 2180 Conradus
374 2150 582 2186 Caracoiolus,
605 2161 652 2190 ep.
675 2150 808 2181 Militen.
831 2150 973 2188 (XXIX,
997 2151 1037 2188 1),
1059 2161 1160 2190 prom.
1185 2150 1263 2180 1405
1286 2149 1375 2180 ι111011
1399 2150 1446 2185 12,
1468 2148 1549 2179 obiit
1571 2149 1645 2178 1411
1670 2148 1762 2180 Febr.
1787 2150 1834 2179 15.

190 2202 303 2234 Petrus
322 2203 360 2234 de
380 2203 510 2240 Alliaco,
531 2214 579 2244 ep.
600 2204 800 2234 Cameracen.
822 2203 992 2242 (XXXIV,
1013 2204 1055 2242 5),
1075 2214 1176 2244 prom.
1199 2204 1272 2233 1411
1298 2203 1388 2233 Junii
1406 2203 1436 2239 6,
1455 2201 1537 2233 obiit
1557 2202 1636 2232 1420
1653 2202 1733 2243 Aug.
1754 2203 1782 2233 9.

1093 2327 1106 2343 J
1138 2312 1167 2342 S.
1211 2310 1478 2342 Clementis.

192 2389 342 2427 JoanneS,
361 2402 409 2431 ep.
429 2391 602 2422 Viterbieu.
623 2393 707 2432 (pag.
727 2393 744 2421 3
763 2396 829 2422 not.
852 2393 864 2421 1
886 2402 931 2422 nr.
951 2391 994 2430 7),
1013 2402 1113 2432 prom.
1135 2392 1224 2428 1189,
1243 2390 1296 2422 trf.
1317 2390 1357 2422 ad
1376 2374 1532 2421 Albanen.

191 2443 366 2474 Guilelmus
387 2444 548 2475 Ferrarius
569 2444 690 2483 (XVII,
711 2446 753 2484 5),
775 2456 876 2485 prom.
900 2446 978 2475 1294
1001 2445 1087 2485 Sept.
1112 2446 1159 2481 18,
1181 2444 1262 2475 obiit
1284 2445 1362 2474 1295
1385 2444 1472 2484 Sept.
1494 2443 1522 2474 7.

1359 2604 1448 2635 5624).
1479 2619 1515 2621 -
1538 2603 1621 2637 Apud
1644 2603 1780 2636 quosdam
1803 2604 1950 2637 scriptores
1973 2604 2009 2629 ad
2032 2613 2055 2630 3.
2082 2604 2150 2630 1338
2171 2604 2245 2630 inter
2266 2604 2356 2639 presb.
2378 2604 2426 2634 tit.
2466 2623 2476 2642 ,Α

1359 2657 1378 2674 s.
1400 2648 1476 2674 Caec.
1497 2652 1654 2674 recensetur
1673 2648 1849 2673 Raimundus
1867 2649 1902 2674 de
1919 2649 2083 2674 Monteforti
2101 2648 2133 2675 Ο.
2152 2649 2249 2680 Merc.;
2267 2649 2317 2675 sed
2334 2648 2379 2675 hio
2395 2649 2428 2678 in

1303 2712 1304 2725 ,
1360 2693 1447 2726 presb.
1474 2693 1518 2718 tit.
1545 2701 1565 2718 s.
1595 2692 1690 2726 Steph.
1718 2693 1746 2718 in
1772 2696 1867 2718 monte
1893 2693 1984 2719 Coelio
2010 2695 2155 2727 promotus
2179 2695 2229 2720 est.

1429 2738 1450 2769 ²)
1471 2737 1523 2763 Cfr.
1547 2737 1676 2763 Sabinen.
1698 2741 1756 2763 not.
1779 2739 1819 2764 10.

610 2604 634 2630 S.
655 2604 793 2631 Balbinae.

259 2647 279 2679 ¹)
301 2647 382 2681 Apud
404 2648 539 2680 quosdam
560 2647 705 2680 scriptores
726 2648 761 2672 ad
792 2657 815 2673 a.
851 2649 915 2673 1221
946 2652 1103 2674 recensetur
1129 2648 1250 2674 Thomas

188 2691 336 2725 Capuanus
363 2692 435 2717 inter
466 2692 553 2725 presb.
576 2692 619 2717 tit.
642 2700 662 2717 S.
692 2692 837 2722 Balbinae;
867 2693 914 2718 sed
935 2692 978 2718 hie
997 2696 1057 2718 erat
1085 2694 1129 2719 tit.
1158 2702 1179 2718 s.
1201 2693 1247 2719 Sa-

189 2735 277 2766 binae,
298 2745 353 2761 non
372 2745 391 2762 s.
414 2736 553 2762 Balbinae.

626 2782 651 2808 S.
671 2782 810 2808 Caeciliae.

259 2825 279 2857 ¹)
302 2825 459 2851 Secundum
485 2825 624 2857 Crislosori
650 2825 692 2850 hie
720 2825 790 2851 Guil.
818 2829 846 2851 et
871 2826 919 2859 qui
945 2827 1068 2860 proxime
1093 2830 1248 2859 sequuntur
1780 2808 1806 2834 S*
1827 2808 2004 2838 Chrysogoni·

189 2868 280 2895 Guido
302 2878 332 2895 30
355 2869 525 2895 Bertrandus
546 2873 609 2903 post
630 2878 709 2895 suam
730 2870 941 2896 translationem
962 2871 1103 2896 ecclesiam
1125 2880 1145 2896 s.
1169 2871 1245 2897 Caec.
1429 2872 1449 2904 ¹)
1472 2871 1629 2897 Secundum
1659 2870 1800 2902 Cristosori
1829 2870 1920 2895 tenuit
1949 2869 2022 2894 hune
2051 2869 2165 2895 titulum
2194 2878 2218 2896 a.
2250 2870 2422 2899 1342—1351

187 2914 239 2940 sibi
257 2914 490 2943 commendatam,
510 2914 643 2947 quamdiu
663 2914 797 2945 viverent,
818 2915 982 2940 retinebant.
1022 2915 1130 2941 Revera
1148 2916 1247 2941 saltem
1301 2921 1303 2958 j
1357 2917 1456 2942 Petrus
1479 2917 1610 2950 Cyriacus
1633 2915 1692 2947 (cfr.
1717 2923 1777 2948 pag.
1802 2906 1835 2939 19
1853 2916 1911 2939 not.
1933 2914 1969 2946 2),
1992 2922 2015 2939 a.
2034 2922 2100 2939 vero
2119 2914 2293 2942 1351—1373
2310 2915 2427 2943 eeclesia
2472 2909 2482 2941 ’1

189 2957 259 2984 Guil.
280 2959 421 2984 ecclesiam
440 2967 460 2984 S.
482 2958 612 2984 Caeciliae
633 2959 699 2986 1317
721 2959 796 2993 Sept.
818 2960 852 2985 26
863 2959 971 2985 obtinet
984 2960 1013 2985 in
1025 2968 1123 2985 comm.
1138 2961 1247 2992 (Mollat
1301 2974 1302 2998 3
1357 2970 1377 2987 s.
1401 2961 1496 2995 ChryS.
1520 2964 1579 2986 erat
1602 2960 1799 2986 commendata
1823 2957 1945 2983 Guidoni
1967 2958 2146 2991 (quondam!)
2169 2959 2213 2985 tit.
2236 2967 2257 2985 s.
2281 2959 2422 2989 Caeciliae.
2478 2952 2482 2956 Α
