2482 3178
162 127 228 159 294
911 126 1221 170 Laquedonien.‚
1245 126 1444 166 Lar-ineu„
1472 126 1672 161 Larissen.

1583 231 1660 260 1386

1582 284 1659 314 1392
1683 283 1772 315 Junii
1793 285 1812 314 8

1582 338 1659 367 1396
1680 337 1753 368 Jan.
1772 338 1811 368 23

1582 391 1659 420 1399
1678 390 1772 421 Mart.
1795 391 1833 421 10

164 230 215 261 ob.
238 230 330 262 Pauli
353 231 487 270 (1385)¹)

164 284 215 315 ob.
240 284 371 315 Antonii
395 285 500 324 (1392)

165 340 204 368 tr.
225 337 308 369 Guil.
327 337 368 368 ad
388 337 535 379 Gallipol.

165 394 263 422 amot.
289 391 309 422 J
312 391 424 422 oannis

619 230 815 269 Antonius2),
839 241 928 271 prov.
952 229 993 260 ab
1016 229 1094 260 Urb.
1118 229 1163 260 VI
1186 233 1262 260 ante

622 284 796 316 Guilelmus
819 283 870 323 ((18
893 283 1002 314 Nardo
1026 282 1062 314 Ο.
1086 282 1187 322 Min),
1211 282 1273 313 obl.
1297 293 1330 313 se

622 338 762 369 Joannes
785 337 836 376 (de
859 337 984 368 Nerone
1008 336 1043 367 O.
1068 336 1169 374 Min),
1193 347 1241 376 ep.
1267 335 1484 377 Gallipolitan.

622 391 759 422 Jacobus
781 390 820 421 de
842 390 961 421 Marzia
984 390 1020 421 el.

172 469 582 476 ..........
619 445 799 479 minulfus,
823 443 884 474 obl.
909 455 941 475 se
964 442 1115 484 person.³)
1296 460 1299 463 ,
1582 444 1657 474 1401
1677 444 1753 475 Dec.
1772 445 1790 474 3

165 498 216 529 ob.
241 497 410 537 (Adinulfi)
622 498 804 533 Jaquinnm,
827 508 896 528 can.
920 497 987 528 bas.
1011 507 1034 527 s.
1059 496 1145 527 Petri
1168 496 1207 527 de
1230 496 1342 535 Urbe5)
1582 497 1658 527 1417
1677 498 1753 528 Dec.
1772 499 1811 528 23

166 552 217 582 ob.
243 551 391 592 Jaquinti
620 551 767 582 Nieolaus
787 550 826 581 de
848 550 998 587 Antonio,
1021 549 1144 590 apresb.
1167 550 1224 590 ips.
1247 549 1332 587 eccl..
1354 549 1404 587 el„
1427 560 1516 590 prov.
1582 551 1659 581 1424
1680 551 1750 582 Oct.
1775 552 1807 581 11

167 605 217 636 ob.
242 604 364 635 Nicolai
621 605 779 635 Antonius
800 604 851 643 (de
871 604 995 643 Cozza),
1017 603 1140 644 apresb.
1163 602 1236 634 eccl.
1258 614 1282 634 8.
1306 603 1476 642 Barthol.⁵)
1582 605 1659 634 1428
1680 605 1750 636 Oct.
1775 606 1807 634 11

1874 230 1973 262 Gams
1995 231 2054 262 887

1874 284 1953 316 Bon.
1976 285 2026 316 IX
2047 285 2117 317 Obl.
2139 286 2179 316 48
2199 286 2220 317 f.
2244 287 2301 317 135

1873 338 1953 369 Bon.
1977 338 2027 369 IX
2048 350 2076 369 a.
2099 338 2117 369 7
2139 338 2211 370 Lat.
2234 339 2253 370 l.
2276 341 2315 370 62
2330 339 2351 371 f.
2365 339 2404 371 47

1875 391 1973 422 Gams
1995 391 2054 423 887

1873 445 1952 476 Bon.
1976 443 2026 476 IX
2046 445 2116 477 Obl.
2139 445 2177 476 57
2198 445 2219 477 f.
2242 445 2280 477 77

1872 498 1967 529 Mart.
1986 498 2014 529 V
2032 499 2119 530 Arm.
2138 499 2218 537 XII,
2239 500 2294 530 121
2315 510 2345 541 p.
2364 500 2404 530 95

1872 552 1966 583 Mart.
1987 552 2015 583 V
2034 563 2062 583 a.
2084 552 2101 583 7
2121 552 2192 583 Lat.
2213 553 2233 583 l.
2254 564 2300 594 pr.
2321 553 2342 584 f.
2363 552 2402 584 27

1872 605 1966 636 Mart.
1983 605 2011 636 V
2024 617 2052 637 a.
2071 607 2104 636 11
2121 606 2193 637 Lat.
2209 606 2228 637 1.
2245 617 2291 647 pr.
2307 606 2328 638 f.
2346 607 2404 638 183

513 695 702 730 Larinen.
729 696 767 727 al.
794 695 1003 729 Alarinen.
1030 695 1206 736 (Larino)
1232 696 1266 727 in
1290 696 1383 728 Italia
1408 696 1513 737 infer„
1538 697 1630 729 suffr.
1656 697 1881 730 Beneventan.
1908 698 1990 739 (100
2013 699 2060 739 fl.)

174 798 588 805 ..........
626 772 800 803 Rainaldus
823 772 939 811 (1205),
962 772 1143 803 Matthaeus
1585 784 1610 803 c.
1638 774 1715 803 1218

174 851 588 858 ..........
626 826 782 857 Robertus
805 825 921 864 (1227),
946 826 1122 861 Stephanus
1588 827 1666 857 1240

177 905 589 911 ..........
630 879 807 911 Gualterius
829 879 867 909 de
893 879 1047 910 Gualtieri
1585 891 1610 910 c.
1638 881 1716 910 1250

170 939 209 966 tr.
235 933 343 965 Gualt.
366 933 407 964 ad
429 933 573 964 Amalfit.
626 933 889 964 Bartholomaeus
910 932 949 963 de
973 932 1158 963 Benevento
1182 932 1217 963 Ο.
1242 932 1354 964 Praed.
1587 934 1664 964 1254

170 993 209 1019 tr.
227 987 338 1018 Barth.
355 987 396 1018 ad
412 986 594 1026 Amelien.¹)
627 986 773 1017 Farulfus
796 987 834 1025 (c.
862 986 962 1025 1267),
985 986 1139 1018 Petronus
1162 986 1371 1025 (Perronus)²)
1584 998 1609 1017 c.
1637 988 1714 1017 1284

170 1042 220 1073 ob.
245 1041 374 1072 Petroni
626 1039 827 1078 Pasqualis3)‚
851 1040 882 1070 in
906 1051 1010 1080 epum.
1036 1039 1164 1080 postul„
1188 1050 1276 1080 prov.
1587 1041 1663 1071 1309
1688 1040 1765 1071 Julii
1790 1042 1826 1071 15

176 1119 588 1127 ..........
625 1093 695 1124 Rao
716 1093 755 1124 de
778 1093 1012 1129 comestabulo,
1036 1093 1125 1124 sedet
1586 1095 1664 1124 1318

176 1172 587 1180 ..........
626 1148 766 1179 Joannes
790 1146 915 1178 Andrea
939 1146 1015 1186 (sed.
1043 1147 1144 1185 1338),
1167 1147 1315 1178 Dalfinus
1589 1172 1595 1178 .
1638 1172 1644 1178 .
1686 1172 1693 1178 .
1735 1173 1742 1178 .
1784 1173 1790 1179 .
1833 1173 1839 1179 .

1585 1202 1662 1231 1344
1681 1201 1755 1232 Maii
1775 1202 1814 1232 28

1585 1255 1662 1285 1365
1685 1254 1773 1295 Sept.
1795 1256 1813 1285 5

1584 1308 1662 1339 1370
1685 1308 1773 1339 Junii
1795 1310 1830 1339 21

168 1202 218 1233 ob.
242 1201 363 1232 Dalfini
387 1202 493 1240 (1344)

169 1256 219 1287 ob.
243 1255 389 1286 Andreae
412 1255 518 1294 (1365)

168 1309 219 1340 ob.
243 1308 441 1348 Bertrandi4)

624 1201 766 1232 Andreas
788 1200 827 1231 de
849 1200 1025 1241 Valleregia
1048 1200 1084 1231 Ο.
1108 1200 1183 1230 Μ111.
1211 1241 1213 1243 ¹

623 1254 816 1285 Bertrandus
839 1254 874 1285 O.
899 1253 1022 1291 Praed..
1047 1264 1094 1294 ep.
1120 1254 1303 1294 Ampurien.

626 1308 769 1343 Sabinus,
792 1307 892 1338 abbas
914 1318 995 1338 saec.
1019 1307 1093 1338 eccl.
1117 1318 1140 1338 8.
1167 1307 1292 1348 Georgii
1314 1307 1353 1338 de
1377 1307 1539 1346 Orciano5)

167 1363 218 1394 ob.
245 1362 354 1393 Sabini
623 1361 744 1397 Petrus,
767 1372 815 1402 ep.
840 1361 1011 1392 Civitaten.
1035 1360 1125 1391 suffr.
1150 1360 1279 1398 Benev.,
1303 1360 1365 1391 obl.
1388 1361 1449 1400 886)
1584 1362 1658 1392 1401
1686 1361 1763 1393 Julii
1788 1363 1821 1392 11

168 1416 219 1447 ob.
234 1415 592 1455 (Petri†12Ma1·.1410)
624 1415 798 1446 Rainaldus
819 1414 858 1445 de
882 1414 1036 1452 Balinolo,
1060 1414 1160 1445 adiac.
1185 1415 1242 1455 ips.
1266 1414 1340 1445 eccl.
1554 1423 1559 1428 ·
1584 1416 1661 1445 1413
1681 1415 1773 1446 Febr.
1797 1417 1833 1446 13

311 1497 316 1501 .
399 1496 404 1500 .
624 1469 805 1500 Matthaeus
1583 1469 1661 1499 1418
1685 1469 1762 1500 Julii
1785 1469 1823 1500 27

168 1497 219 1528 Ob*
244 1496 449 1535 (Ra1nald1)⁷)
583 1470 591 1559 1
624 1522 829 1553 Bonushomo
853 1523 927 1558 (non
951 1521 1033 1552 obst.
1058 1521 1112 1552 lite
1136 1521 1306 1562 pendente)
1584 1523 1661 1552 1418
1683 1523 1762 1563 Aug.
1788 1524 1823 1553 19

878 1605 1080 1640 Larisaea.
1105 1605 1294 1645 (Larissa)
1320 1606 1354 1638 in
1377 1607 1524 1643 Graecia,
1550 1609 1688 1648 metrop.

173 1706 555 1714 ..........
564 1681 588 1720 ¹)
620 1682 668 1717 13„
689 1681 831 1718 exulans,
853 1681 891 1711 fit
911 1681 1029 1712 admin.
1052 1681 1218 1713 Davalien.
1240 1686 1272 1713 et
1292 1682 1535 1723 Thermopylen.
1581 1684 1658 1714 1222
1679 1683 1749 1714 Oct.
1774 1685 1810 1713 14

172 1759 583 1767 ..........
620 1735 731 1767 Petrus
1585 1762 1591 1767 .
1633 1762 1640 1767 .
1682 1762 1688 1768 .
1731 1762 1738 1768 .
1780 1762 1787 1768 .
1829 1762 1836 1767 .

166 1790 217 1821 ob.
241 1789 327 1820 Petri
620 1789 791 1824 Philippus,
814 1799 862 1829 ep.
888 1788 1010 1819 Danen.
1582 1791 1655 1820 1351
1682 1791 1770 1821 Junii
1792 1791 1831 1821 23

166 1843 216 1874 ob.
240 1842 379 1883 Philippi

620 1842 776 1877 Nieolaus,
800 1853 848 1882 ep.
873 1842 1043 1883 Lincopen.
1069 1843 1100 1882 (†
1122 1842 1195 1873 exul
1218 1843 1249 1873 in
1273 1843 1381 1874 Bohus
1406 1843 1495 1882 1374)
1582 1845 1659 1874 1362
1683 1844 1758 1884 Apr.
1784 1845 1801 1874 6

600 1940 794 1969 Laquedonen.

238 1995 257 2026 ¹)
282 1994 334 2025 Qui
354 1995 422 2021 1378
441 1993 497 2019 Jul.
517 1993 551 2017 22
569 1993 604 2018 ab
624 1992 689 2018 Urb.
711 1992 747 2018 VI
767 1992 801 2017 ad
820 1993 883 2017 eccl.
904 1993 987 2018 Assis.
1007 1993 1161 2019 translatus
1178 1997 1230 2024 est,

165 2040 212 2065 sed
225 2040 276 2073 ipsi
289 2039 384 2064 transl.
399 2047 455 2063 non
468 2038 637 2063 consensisse
650 2037 773 2067 videtur;
787 2037 835 2062 cfr.
850 2037 921 2062 Bull.
936 2038 1033 2063 Franc.
1048 2042 1067 2063 t.
1082 2038 1136 2063 Vll
1151 2047 1190 2063 nr.
1207 2039 1228 2063 1.

1937 880 2035 911 Gams
2058 882 2118 912 888

1876 1041 1938 1072 Cle.
1959 1041 1986 1072 V
2005 1053 2033 1072 a.
2053 1043 2071 1072 4
2090 1052 2139 1082 ep.
2159 1042 2218 1072 625
2238 1042 2343 1082 (4365)

1875 1094 1887 1191 i
1932 1121 2030 1152 Gams
2053 1123 2112 1152 888

1874 1201 1937 1232 Cle.
1960 1201 2005 1232 VI
2027 1212 2055 1233 a.
2079 1203 2097 1232 3
2120 1203 2156 1241 (t.
2181 1202 2251 1242 163)
2273 1212 2322 1243 ep.
2347 1203 2361 1233 1

1874 1254 1953 1286 Urb.
1977 1255 2004 1286 V
2026 1255 2086 1286 Av.
2110 1259 2133 1286 t.
2159 1255 2197 1286 10
2218 1255 2240 1287 f.
2263 1255 2324 1286 580

1875 1308 1952 1339 Urb.
1976 1308 2003 1339 V
2026 1309 2086 1340 Av.
2110 1312 2133 1340 t.
2156 1310 2196 1340 23
2218 1308 2239 1340 f.
2262 1309 2302 1339 32

1875 1362 1954 1393 Bon.
1977 1362 2027 1393 IX
2048 1362 2118 1393 Obl.
2140 1362 2179 1393 57
2199 1362 2221 1393 f.
2243 1362 2283 1393 70

1876 1416 1926 1447 Jo.
1939 1415 2059 1446 XXIII
2071 1416 2158 1447 Arm.
2170 1415 2249 1453 XII,
2263 1416 2318 1446 121
2331 1415 2406 1457 p.74

1873 1469 1968 1500 Mart.
1984 1469 2012 1500 V
2026 1469 2114 1501 Arm.
2129 1469 2208 1507 XII,
2226 1470 2281 1500 121
2297 1480 2328 1511 p.
2346 1468 2404 1500 107

1874 1522 1915 1554 ib.
1940 1534 1970 1564 p.
1997 1523 2054 1553 108

1872 1684 1957 1714 Hon.
1982 1683 2033 1714 III
2056 1694 2084 1714 a.
2109 1683 2126 1714 7
2155 1683 2192 1723 (t.
2218 1684 2268 1723 12)
2290 1694 2340 1725 ep.
2363 1684 2403 1714 24

1874 1731 1888 1837 }
1925 1764 1987 1795 Cle.
2003 1763 2047 1794 VI
2062 1775 2090 1795 a.
2107 1764 2145 1794 10
2159 1765 2196 1803 (t.
2210 1764 2283 1803 206)
2297 1774 2346 1805 ep.
2361 1764 2401 1794 26

1873 1844 1943 1874 Inn.
1966 1844 2010 1874 VI
2032 1844 2091 1875 Av.
2113 1847 2137 1875 t.
2158 1844 2199 1875 28
2217 1843 2299 1884 893
2335 1851 2338 1854 ⁴

1333 1949 1393 1974 epo.
1417 1941 1570 1966 Milevitan.
1594 1944 1622 1966 et
1645 1949 1677 1965 eo
1700 1944 1811 1966 mortuo
1834 1942 1979 1974 (suspenso
2001 1940 2092 1966 adhuc
2115 1940 2238 1966 Petrono
2259 1948 2330 1974 epo„
2353 1940 2402 1974 qui

1334 1995 1375 2011 ex.
1392 1995 1415 2011 a.
1430 1986 1496 2012 1297
1515 1986 1557 2011 vel
1578 1986 1612 2010 in.
1633 1994 1656 2010 a.
1679 1986 1746 2011 1298
1764 1985 1871 2010 Romae
1889 1985 1986 2019 quasd.
2006 1985 2109 2019 indulg.
2128 1985 2256 2018 largitur)
2273 1984 2400 2010 commit—

1334 2031 1404 2056 titur
1421 2031 1525 2056 Joanni
1541 2033 1569 2055 et
1587 2030 1725 2055 Adenulfo
1741 2030 1825 2063 aepis.
1845 2030 2034 2055 Beneventan.
2053 2030 2088 2055 ab
2105 2030 2202 2055 eodem
2219 2029 2310 2066 Bonis.
2327 2028 2400 2055 VIII

236 2084 257 2115 2)
278 2084 329 2109 ])18
353 2085 366 2110 7
392 2083 471 2108 Febr.
499 2083 566 2109 1387
591 2082 715 2107 Jacobus
739 2082 889 2113 (Antonius
899 2084 921 2113 1³)
946 2091 1021 2115 epus.
1047 2082 1169 2116 Laqued.
1195 2083 1230 2108 ab

165 2129 232 2154 Urb.
255 2129 293 2154 VI
314 2128 443 2153 collector
463 2130 552 2160 apost.
575 2127 603 2152 in
624 2127 798 2156 Basilicatw,
819 2127 1012 2160 Caphanatae,
1034 2127 1149 2161 aliisque
1170 2136 1230 2161 pro-

165 2174 262 2199 vinciis
281 2173 435 2206 deputatur
455 2172 533 2205 (Reg.
556 2172 619 2197 Vat.
641 2175 660 2196 t.
682 2172 731 2197 311
754 2172 771 2196 f.
793 2172 846 2203 26).

235 2218 256 2250 3)
277 2218 330 2243 Pro
350 2226 378 2242 se
398 2221 425 2242 et
447 2217 572 2250 praedee.
596 2216 712 2243 ι11180110.
735 2217 854 2246 Joanne,
877 2216 1023 2246 Guilelmo,
1044 2217 1175 2242 Antonio.

235 2262 256 2294 ⁴¹)
281 2263 334 2293 Qui
354 2263 422 2287 1418
441 2262 498 2287 Jul.
520 2263 552 2287 15
571 2261 666 2286 facult.
686 2262 767 2294 recip.
789 2270 889 2286 munus
907 2270 1026 2286 consecr.
1047 2270 1063 2286 a
1082 2270 1161 2294 quoc.
1181 2270 1229 2287 an-

163 2308 253 2332 tistite
272 2308 382 2332 obtinet
402 2307 475 2337 (Lat.
498 2310 517 2331 t.
542 2307 591 2331 195
610 2306 628 2331 f.
650 2307 703 2337 81).

235 2352 256 2383 ⁵)
277 2352 318 2377 De
339 2352 447 2377 Vallata
468 2351 554 2376 dioec.
576 2351 710 2376 Bisacien.

633 2424 761 2450 Larinen.

235 2477 255 2508 ¹)
276 2477 307 2502 A.
328 2478 395 2502 1266
411 2477 477 2502 Maii
493 2477 524 2502 31
543 2476 597 2502 Cle.
616 2476 655 2502 IV
672 2478 707 2507 (a.
726 2477 741 2501 2
758 2480 777 2501 t.
796 2477 829 2502 32
846 2485 887 2509 ep.
906 2478 951 2507 67)
968 2485 1028 2510 epo.
1047 2477 1182 2502 Albanen.
1201 2481 1229 2502 et

163 2521 234 2546 sedis
259 2525 347 2554 apost.
375 2522 466 2555 legato
492 2521 647 2551 mandavit,
673 2525 705 2546 ut
730 2521 859 2546 ecclesiae
885 2521 1011 2546 Larinen.
1038 2521 1096 2553 jam
1122 2522 1229 2547 dudum

163 2566 281 2598 pastoris
301 2566 400 2591 solatio
419 2566 571 2591 destitutae
591 2566 749 2599 provideret
769 2566 803 2591 de
822 2575 939 2599 persona
959 2566 1065 2592 idonea.

234 2610 254 2641 ²)
275 2611 356 2641 Eum,
384 2611 430 2643 qui
457 2611 634 2635 dioecesanos
660 2619 724 2635 suos
750 2611 785 2636 ad
812 2611 987 2636 rebellionem
1015 2614 1113 2636 contra
1138 2611 1229 2636 Caroli

163 2655 232 2687 regis
252 2655 359 2680 Siciliae
378 2655 508 2680 haeredes
526 2655 670 2682 excitavit.
690 2656 769 2680 citari
786 2655 867 2687 jussit
890 2656 957 2681 1285
975 2656 1040 2688 Apr.
1061 2656 1077 2680 4
1095 2655 1168 2680 Hon.
1188 2655 1228 2680 IV
1277 2683 1278 2686 Ἴ

163 2700 198 2730 (a.
221 2700 231 2724 1
252 2708 293 2732 ep.
316 2701 325 2725 1
347 2708 402 2724 cur.
422 2700 463 2725 ed.
486 2700 559 2724 Pron.
577 2701 652 2731 468);
672 2700 767 2725 eodem
786 2708 919 2733 suspenso
937 2700 1144 2725 administratio
1161 2700 1225 2725 eccl.
1276 2689 1278 2707 1

162 2743 288 2769 Larinen.
306 2753 327 2769 c.
344 2753 368 2769 a.
387 2745 454 2769 1289
469 2753 484 2769 a
500 2745 622 2769 Bcrardo
637 2754 696 2777 epo.
716 2745 883 2770 Praenestin.
900 2748 927 2770 et
943 2748 1032 2778 apost.
1049 2745 1121 2769 sedis
1136 2745 1228 2777 legato

161 2789 308 2814 commissa
320 2793 362 2814 est
376 2789 484 2814 &abbae
497 2798 556 2822 epo.
570 2789 685 2814 Militem.
701 2792 813 2822 propter
824 2790 990 2815 fidelitatem
1003 2789 1132 2814 ecelesiae
1145 2789 1225 2814 Rom.

161 2836 301 2858 servatam
318 2833 429 2859 exilium
447 2834 575 2866 patienti,
593 2843 674 2867 quem
693 2834 751 2859 Nic.
770 2833 809 2858 IV
826 2838 860 2863 (a.
879 2836 895 2859 4
911 2843 953 2867 ep.
971 2835 1023 2861 472
1039 2834 1080 2859 ed.
1099 2834 1227 2866 Lanqlois

161 2878 242 2909 5966)
257 2879 321 2903 1291
339 2879 415 2911 Sept.
433 2879 463 2903 13
477 2882 504 2903 et
521 2879 586 2903 Bon.
602 2879 671 2903 VIII
687 2880 721 2907 (a.
738 2880 749 2903 1
765 2887 806 2911 ep.
822 2880 866 2910 60)
882 2880 949 2904 1295
962 2879 1044 2904 Mart.
1059 2879 1092 2904 28
1105 2878 1140 2903 de
1153 2887 1227 2903 novo

160 2923 405 2948 confirmaverunt.
444 2923 530 2955 Cujus
550 2926 610 2956 post
632 2923 739 2948 obitum
760 2923 862 2948 admin.
884 2924 947 2948 eccl.
970 2923 1096 2948 Larinen.
1119 2922 1227 2948 ‚Jaeobo
1275 2947 1277 2959 Δ

1335 2077 1370 2107 (a.
1389 2077 1405 2101 5
1421 2084 1463 2109 ep.
1482 2076 1534 2100 200
1550 2075 1591 2100 ed.
1611 2075 1714 2107 Diqard
1730 2076 1811 2106 3080)
1831 2076 1898 2100 1299
1914 2075 1980 2100 Maii
1997 2076 2013 2100 8
2029 2078 2058 2100 et
2076 2075 2141 2100 1301
2161 2075 2226 2101 Jan.
2244 2075 2270 2104 2,
2286 2082 2311 2099 a.
2331 2074 2398 2100 1301

1334 2120 1399 2154 Apr.
1422 2122 1450 2146 11
1471 2120 1577 2154 Angelo
1594 2120 1659 2147 olim
1677 2128 1738 2153 epo.
1758 2120 1885 2145 Fesulan.
1905 2120 1987 2150 (Bon.
2006 2119 2077 2145 VIII
2095 2127 2120 2144 a.
2140 2120 2154 2146 7
2173 2122 2193 2144 t.
2212 2119 2247 2144 50
2263 2127 2306 2152 ep.
2327 2119 2399 2151 114),

1334 2166 1381 2199 qui
1401 2174 1425 2190 a.
1449 2165 1515 2190 1303
1535 2165 1632 2190 transf.
1654 2164 1690 2189 ad
1709 2164 1881 2194 Mothonen„
1902 2173 1926 2190 a.
1950 2165 2017 2190 1304
2037 2164 2116 2189 Febr.
2140 2164 2171 2189 12
2191 2163 2247 2195 (vel
2266 2163 2349 2189 Mart.
2370 2163 2399 2195 8)

1334 2219 1350 2235 a
1364 2210 1431 2235 Ben.
1447 2210 1489 2235 XI
1504 2211 1558 2243 (ep.
1574 2210 1626 2235 450
1639 2209 1681 2234 ed.
1696 2209 1850 2243 Grandjean
1864 2209 1926 2240 525)
1942 2208 2073 2242 Pasquali
2086 2208 2151 2234 olim
2165 2216 2226 2242 epo.
2240 2207 2399 2238 Cassanen„

1334 2255 1381 2288 qui
1401 2258 1464 2288 post
1483 2254 1526 2280 ob.
1548 2254 1660 2279 Petroni
1679 2255 1803 2287 suspensi
1823 2254 1851 2279 in
1870 2262 1961 2287 epum.
1982 2254 2108 2279 Larinen.
2130 2253 2289 2286 postulatus
2306 2252 2399 2286 provi-

1333 2300 1478 2332 deturque.
1515 2298 1689 2328 Notandum,
1709 2299 1825 2328 litteras,
1845 2299 1946 2331 quibus
1965 2299 1988 2323 ei
2007 2307 2023 2323 a
2042 2298 2109 2323 Ben.
2130 2297 2172 2323 XI
2191 2297 2399 2323 administratio

1333 2344 1397 2370 eccl.
1417 2344 1543 2369 Larinen.
1563 2344 1711 2369 commissa.
1728 2347 1779 2373 est,
1799 2343 1868 2368 falso
1886 2343 1998 2376 quidem
2017 2343 2136 2368 directas
2153 2350 2212 2368 esse
2229 2341 2265 2367 ad
2283 2341 2398 2367 Petrum

1333 2389 1398 2414 olim
1414 2397 1505 2421 epum.
1522 2388 1680 2418 Cassanen..
1697 2388 1724 2412 in
1741 2389 1862 2421 ipsarum
1878 2396 1944 2413 vero
1959 2391 2054 2413 tenore
2069 2390 2143 2412 recte
2158 2386 2319 2412 Paschalem
2334 2394 2398 2411 eum

1334 2433 1480 2459 nominari.

1403 2478 1425 2509 ³)
1445 2478 1518 2503 Olim
1537 2486 1579 2510 ep.
1601 2477 1759 2505 Cassanen..
1782 2477 1836 2509 {un
1857 2477 1960 2502 admin.
1982 2476 2045 2501 eccl.
2067 2476 2158 2501 Larin.

1403 2522 1424 2554 ⁴)
1445 2523 1523 2547 Inter
1546 2531 1609 2547 eum
1633 2525 1661 2547 et
1687 2522 1821 2547 Sabinum
1846 2521 1920 2554 apud
1943 2521 2024 2546 Gams
2048 2521 2161 2554 ponitur
2186 2519 2339 2546 Guilelmus
2362 2518 2398 2544 de

1334 2567 1491 2600 Gascogna;
1514 2567 1561 2592 sed
1584 2566 1626 2591 hic
1649 2575 1665 2591 a
1689 2567 1785 2592 Senen.
1810 2566 1845 2591 ad
1867 2566 1930 2591 eccl.
1956 2566 2110 2595 Jaurinen„
2132 2573 2188 2590 non
2210 2564 2246 2590 ad
2268 2564 2395 2589 Lar-ineu.

1332 2612 1506 2637 transfertur.

1402 2656 1423 2687 ⁵)
1444 2656 1538 2681 Dioec.
1556 2656 1687 2685 Pennen.‚
1707 2656 1735 2680 in
1751 2656 1847 2680 minor.
1869 2658 1967 2685 const„
1988 2655 2029 2680 lie.
2050 2655 2079 2680 in
2097 2654 2169 2680 decr.

1404 2700 1425 2731 Β)
1446 2701 1499 2725 Pro
1511 2708 1539 2725 88
1551 2704 1579 2725 et
1592 2700 1717 2733 praedec.
1734 2700 1837 2725 Sabino
1849 2702 1877 2725 et
1890 2699 2053 2725 Bertrando.
2078 2699 2131 2725 Cfr.
2146 2699 2207 2723 Lat.
2221 2701 2241 2723 t.
2255 2698 2289 2723 89
2301 2697 2319 2722 f.
2333 2697 2394 2723 261.

1404 2745 1425 2776 ⁷)
1445 2745 1494 2770 Cui
1505 2745 1581 2778 apud
1590 2745 1672 2770 Gam-s'
1682 2745 1835 2769 succedunt
1846 2744 1990 2774 „Joannes
2002 2745 2091 2774 (1417,
2103 2744 2119 2775 †
2132 2744 2220 2774 1418),
2232 2742 2395 2768 Dominicus

1331 2789 1365 2815 de
1384 2790 1504 2815 Fontani
1525 2790 1626 2821 (1418),
1648 2789 1792 2822 Philippus
1812 2789 1934 2819 (1427).“

1795 2834 1930 2860 Larissen.

1402 2879 1422 2909 1)
1443 2879 1538 2903 Innoe.
1566 2878 1610 2903 III
1638 2879 1705 2903 1208
1731 2878 1792 2903 Oet.
1820 2878 1854 2903 20
1879 2886 1956 2910 aepo.
1987 2878 2118 2902 Laris-sen.
2145 2876 2272 2902 concedit
2296 2874 2392 2900 facult.

1330 2923 1466 2948 residendi
1483 2923 1557 2956 apud
1575 2922 1737 2947 Ferchikani
1755 2922 1888 2953 (Porthast
1904 2930 1943 2947 nr.
1962 2923 2031 2947 3515
2047 2922 2094 2946 cfr.
2112 2922 2190 2950 3450,
2207 2921 2285 2950 3508,
2302 2920 2392 2950 4031).
