2482 3178
623 132 858 168 cardinales
882 136 957 170 sub
981 136 1158 171 Honorio
1181 139 1243 178 IV,
1267 139 1431 174 Nicolao
1455 141 1516 180 IV,
1542 140 1766 176 Coelestino
1790 142 1823 175 V
2303 149 2338 180 11

646 231 687 269 S.
722 232 769 269 R.
801 233 848 270 E.
880 233 1097 272 cardinalis
1125 236 1171 273 ab
1199 236 1284 285 ipso
1307 244 1457 275 creatas
1480 237 1530 275 22
1552 238 1642 276 Dec.
1670 238 1822 288 1285.·1)

187 307 327 338 Joannes
347 306 572 338 Buccamatius
594 307 847 347 (Boccamazza),
869 311 1130 350 consanguineus,
1154 322 1222 352 aep.
1245 312 1477 353 Montisregalis
1501 328 1532 338 =
1559 324 1606 354 ep.
1631 314 1836 353 Tusculan.,²)
1860 315 1878 355 †
1902 316 1978 345 1309
2002 316 2080 357 Aug.
2107 318 2152 348 10.

1006 411 1113 445 XVI.
1160 413 1355 449 Nicolaus
1379 414 1448 448 1v.

114 475 342 516 (Hieronymus
353 475 451 506 Masci
465 475 500 506 O.
515 475 603 513 Min„
617 487 664 517 ep.
679 476 886 514 Praenestin.,
900 478 955 509 cfr.
968 479 1065 516 XIII,
1079 480 1121 519 7),
1135 480 1252 512 electus
1264 482 1386 513 Romae
1400 483 1477 512 1288
1491 482 1581 513 Febr.
1597 484 1633 512 15
1647 486 1678 513 et
1690 494 1794 514 coron.
1809 483 1884 522 22,³)
1901 483 1981 515 obiit
1992 485 2114 516 Romae
2128 487 2205 516 1292
2219 487 2292 528 Apr.
2310 489 2339 519 4.

632 578 673 615 S.
703 579 751 616 R.
776 580 823 616 E.
848 581 1067 619 cardinales
1092 582 1137 619 ab
1164 582 1250 631 ipso
1274 583 1391 621 creati
1419 584 1482 621 die
1508 584 1557 621 16
1582 584 1689 622 Maii
1714 584 1833 623 1288.-

134 654 164 694 1)
185 647 395 692 Ber(n)ardus'
412 653 583 689 calliensis,
606 665 654 695 ep.
678 654 849 686 Auximan.
876 672 906 681 z
934 668 981 697 ep.
1005 657 1200 689 Praenestin.
1225 659 1356 698 (subscr.
1381 661 1458 689 1288
1483 659 1570 701 Sept.
1593 661 1611 690 3
1634 679 1673 682 —
1696 662 1772 691 1289
1797 661 1861 692 Jul.
1887 663 1979 701 18)‚·1)
2002 663 2112 702 †1291
2131 674 2172 694 m.
2191 664 2303 701 Juni0;

132 707 163 747 2)
185 707 280 742 Hugo
295 707 410 742 seguin
423 706 463 738 de
478 707 559 738 Billo
574 707 704 748 (Billay)
721 709 756 740 O.
772 710 884 740 Praed.
904 726 935 736 z
954 711 1055 751 presb.
1072 713 1119 743 tit.
1138 724 1162 743 s.
1180 712 1315 744 Sabinae
1330 713 1462 752 (subscr.
1480 715 1557 744 1288
1573 713 1659 754 Sept.
1676 715 1693 744 3
1709 733 1748 736 -
1763 716 1837 745 1291
1855 715 1934 756 Aug.
1950 717 2012 755 23),
2028 721 2139 757 postea
2154 728 2203 758 ep.
2220 717 2341 750 Ostien.

274 760 406 800 (subscr.
432 761 510 791 1295
534 761 624 792 Junii
645 763 681 791 21
708 781 747 783 -
769 764 846 793 1296
868 764 962 795 Mart.
988 766 1048 804 13),
1071 766 1262 796 camerarius
1283 777 1306 797 s.
1330 766 1411 803 coll.,
1434 767 1452 806 †
1477 767 1553 798 1297
1575 767 1651 798 Dec.
1675 768 1728 804 28;

132 814 164 854 3)
185 814 367 846 Matthaeus
389 814 427 845 de
448 815 652 850 Aquasparta
675 815 711 846 O.
736 816 812 847 Min.
836 818 912 848 min.
937 829 1017 858 gen„
1042 829 1124 859 mag.
1150 819 1245 849 theol.
1273 835 1304 844 z
1331 820 1434 860 presb.
1459 821 1509 851 tit.
1530 832 1553 851 s.
1569 820 1663 851 Laur.
1679 821 1710 851 in
1725 821 1858 860 Dam.,5)
1874 826 1985 862 postea
1999 824 2104 862 (1291)
2120 834 2168 864 ep.
2188 824 2339 856 Portuen.

274 866 406 907 (subscr.
432 868 509 897 1295
534 868 610 911 Jun.
633 869 669 898 21
696 887 735 889 -
758 871 835 899 1298
859 870 934 901 Jun.
958 871 1048 910 27)‚⁶)
1072 873 1335 912 poenitentiarius
1356 873 1467 914 major,
1491 873 1510 913 †
1533 874 1610 904 1302
1634 873 1703 904 Oct.
1727 875 1780 911 2&

132 920 164 959 4)
185 921 296 953 Petrus
310 921 515 956 Peregrossus
531 921 785 959 Mediolanensis,
804 923 889 964 vulg.
909 924 969 961 „de
986 924 1199 963 Mediolano“,
1219 926 1250 956 S.
1268 926 1308 957 R.
1327 926 1363 957 E.
1382 927 1657 958 vicecancellarius
1678 942 1709 952 Ξ
1730 927 1811 958 diac.
1830 939 1853 958 s.
1874 928 2000 969 Georgii
2016 928 2057 959 ad
2074 929 2181 960 velum
2199 940 2341 968 aureum,

274 978 385 1015 postea
408 975 513 1013 (1289)
537 974 640 1015 presb.
663 986 687 1006 S.
711 976 807 1007 Marci
831 977 962 1015 (subscr.
988 979 1065 1008 1289
1090 979 1154 1009 Jul.
1180 980 1216 1009 18
1241 997 1278 1000 ᾖ
1301 981 1378 1009 1295
1402 980 1478 1010 Jun.
1501 981 1563 1019 21),
1587 980 1606 1019 †
1630 981 1706 1010 1295
1729 981 1808 1021 A'ug.
1834 982 1864 1017 1;

132 1028 164 1067 5)
185 1028 342 1063 Neapoleo
362 1028 496 1059 Ursinus
518 1028 684 1059 Romanus
709 1045 741 1054 z
767 1029 847 1060 diae.
870 1041 894 1061 s.
919 1031 1086 1071 Adriani,⁷)
1110 1033 1128 1071 †
1153 1033 1229 1062 1342
1252 1032 1345 1063 Mart.
1369 1034 1421 1070 23;
1673 1022 1675 1026 .

133 1081 164 1120 6)
186 1081 296 1113 Petrus
312 1082 349 1113 de
365 1082 519 1113 Columna
535 1082 700 1113 Romanus
720 1098 751 1108 z
771 1083 851 1114 diac.
870 1095 893 1115 s.
912 1084 1076 1116 Eustachii
1094 1085 1225 1124 (subscr.
1243 1086 1344 1126 primo
1363 1087 1440 1116 1288
1459 1086 1546 1126 Sept.
1564 1088 1605 1125 3),
1626 1086 1702 1117 1297
1719 1087 1794 1118 Maii
1812 1088 1850 1117 10
1865 1087 2038 1128 depositus,
2058 1090 2134 1118 1306
2152 1089 2242 1120 Febr.
2261 1091 2278 1118 6
2296 1101 2340 1120 re-

274 1135 409 1166 stitutus
432 1135 651 1176 (postmodum
674 1136 756 1168 diac.
779 1148 803 1168 s.
827 1138 961 1178 Angeli),
985 1139 1003 1178 †
1026 1139 1181 1170 Avinione
1206 1140 1320 1178 1326.⁸)

978 1239 1107 1273 xvn.
1155 1239 1406 1274 eoelestinus
1429 1240 1476 1274 V.

113 1312 240 1353 (Petrus
254 1312 293 1344 de
308 1312 456 1344 Murrone
470 1313 646 1344 monachus
662 1313 698 1345 O.
713 1314 743 1345 S.
756 1314 831 1354 B.,⁹)
847 1315 884 1346 el.
902 1316 1021 1348 Perusii
1038 1318 1115 1347 1294
1133 1317 1153 1347 J
1156 1317 1210 1348 ulii
1224 1317 1294 1356 5,1⁰)
1309 1328 1446 1349 consecr.
1463 1322 1495 1348 et
1510 1328 1614 1348 coron.
1631 1317 1764 1358 Aquilae
1780 1317 1859 1358 Aug.
1871 1318 1921 1355 29,
1932 1319 2104 1359 resignavit
2116 1319 2250 1360 Neapoli
2263 1321 2340 1351 1294

274 1366 350 1398 Dec.
376 1368 423 1403 13,
446 1366 526 1398 obiit
549 1368 579 1398 in
602 1371 707 1398 castro
730 1367 881 1400 Fumonis
906 1371 982 1399 1296
1004 1370 1078 1401 Maii
1103 1371 1149 1407 19,
1173 1370 1375 1411 postmodum
1400 1372 1482 1402 inter
1503 1375 1629 1402 sanctos
1651 1371 1778 1402 relatus.

606 1469 666 1507 Ab
691 1482 731 1506 eo
759 1469 860 1508 1294
885 1471 989 1520 Sept.
1017 1471 1066 1509 18
1087 1471 1128 1509 hi
1150 1472 1190 1509 S.
1219 1472 1266 1509 R.
1291 1472 1338 1510 E.
1363 1472 1583 1510 cardinales
1611 1472 1728 1510 creati
1751 1479 1860 1510 sant.-

135 1545 166 1583 l)
189 1545 297 1577 Simon
317 1545 355 1577 de
376 1545 535 1576 Belloloco
558 1545 746 1585 (Beaulieu),
770 1557 838 1587 aep.
863 1547 1035 1578 Bituricen.
1063 1563 1094 1573 z
1120 1559 1168 1589 ep.
1192 1548 1398 1585 Praenestin.,
1421 1548 1440 1587 †
1464 1547 1541 1578 1297
1563 1548 1643 1588 Aug.
1669 1547 1760 1587 18;11)

133 1599 164 1638 2)
185 1598 342 1630 Bai-ardus
363 1599 401 1630 de
425 1599 530 1630 Gouth
552 1599 655 1638 (Got),
678 1610 747 1640 aep.
770 1599 956 1641 Lugdunen.
984 1617 1015 1626 Ξ
1041 1612 1089 1642 ep.
1114 1601 1278 1639 Albanen.,
1301 1602 1320 1641 †
1344 1601 1420 1632 1297
1445 1601 1534 1633 Junii
1555 1601 1608 1638 27;

133 1652 164 1691 3)
186 1652 324 1684 Thomas
345 1652 382 1684 de
406 1653 487 1684 Ocra
509 1652 686 1693 Aprutinus
709 1653 745 1684 Ο.
770 1654 851 1684 Coel.
878 1670 909 1679 z
936 1654 1038 1694 presb.
1062 1655 1112 1686 tit.
1136 1666 1159 1686 s.
1184 1655 1385 1694 Caeciliae,¹2)
1408 1655 1427 1694 †
1451 1655 1529 1685 1300
1549 1654 1625 1685 Maii
1647 1656 1685 1684 29
1708 1654 1882 1695 (Neapoli),

186 1766 206 1798 ¹)
227 1766 280 1793 Cfr.
302 1767 368 1800 Reg.
390 1767 462 1792 Hon.
484 1767 523 1792 IV
543 1767 584 1792 ed.
607 1767 681 1792 Prou
701 1775 740 1792 nr.
761 1768 821 1793 491.

185 1811 207 1843 ²)
229 1811 337 1837 Subscr.
358 1812 425 1837 1286
442 1812 507 1836 Maii
524 1813 547 1836 5.
582 1811 633 1836 Die
650 1812 681 1837 31
700 1812 766 1837 Maii
784 1812 852 1837 1286
869 1812 904 1837 ab
922 1812 993 1837 Hon.
1013 1813 1051 1838 IV
1068 1813 1175 1846 legatus

114 1864 131 1882 a
140 1856 225 1882 latere
236 1855 271 1881 ad
283 1855 445 1881 Alamam'ae
455 1859 484 1881 et
495 1856 548 1881 alia
560 1864 643 1889 regna
654 1856 812 1888 adjacentia
822 1857 944 1881 mittitur
956 1857 1034 1889 (Reg.
1049 1857 1121 1882 Hon.
1135 1857 1173 1882 IV

113 1900 130 1926 l.
148 1909 170 1926 c.
189 1908 229 1926 nr.
247 1901 310 1932 770)
327 1904 356 1926 et
373 1901 407 1925 25
423 1900 495 1926 Nov.
516 1901 583 1925 1289
601 1909 617 1925 a
634 1900 693 1925 Nic.
712 1900 752 1925 IV
769 1901 907 1926 licentiam
926 1901 1047 1926 testandi
1065 1902 1173 1927 obtinet

114 1945 192 1979 (Reg.
215 1945 275 1971 Nic.
298 1945 337 1970 IV
359 1945 401 1970 ed.
425 1945 551 1977 Lanqlois
573 1953 612 1970 nr.
639 1946 725 1976 1886).
749 1960 783 1962 -
806 1945 986 1975 „Revertitur
1008 1946 1042 1970 ad
1064 1946 1173 1971 Curiam

115 1990 183 2016 1309
203 1989 269 2015 Jun.
292 1990 352 2015 13“.

184 2034 206 2066 ³)
225 2034 302 2059 Tunc
318 2033 346 2059 hi
359 2042 421 2067 pag.
439 2035 472 2060 10
486 2038 542 2059 not.
562 2035 591 2059 ll
614 2034 751 2059 nominati
772 2034 829 2066 jam
858 2034 983 2059 obierant
1010 2035 1172 2060 cardinales:

115 2078 253 2105 Ordonius
266 2087 308 2112 ep.
324 2078 471 2104 Tusculan.
487 2079 582 2109 (XIII,
598 2079 634 2110 5),
649 2078 792 2103 Ancherus
806 2079 849 2103 tit.
865 2079 1033 2104 s.1’raxedis
1047 2079 1122 2110 (VII,
1137 2080 1173 2110 9),
1228 2062 1229 2074 ³

115 2123 212 2150 Comes
224 2123 267 2149 tit.
282 2132 316 2148 ss.
330 2123 481 2149 Marcellini
493 2127 521 2148 et
535 2123 609 2148 Petri
622 2123 711 2154 (XIV,
725 2124 761 2154 5),
777 2122 927 2148 Gaufridus
940 2124 982 2148 tit.
997 2132 1016 2148 3.
1033 2124 1174 2148 Susannae
1227 2130 1229 2159 ξ

115 2167 204 2200 (XIV,
221 2169 258 2199 6),
276 2167 424 2193 Gervasius
440 2168 483 2193 tit.
501 2176 521 2193 s.
542 2168 606 2193 Silv.
624 2171 652 2192 et
668 2168 749 2193 Mart.
768 2167 856 2198 (XIV,
874 2169 909 2198 4),
929 2167 1088 2193 Gotifredus
1103 2168 1172 2193 diac.

115 2221 135 2238 s.
154 2212 263 2246 Georgii
279 2212 354 2243 (VII,
371 2213 408 2244 7),
426 2212 567 2238 Jordanus
582 2212 651 2237 diac.
669 2220 689 2237 s.
708 2211 850 2237 Eustachii
867 2212 961 2243 (XIII,
978 2213 1014 2244 8),
1032 2212 1114 2245 Hugo
1130 2213 1172 2238 tit.

114 2265 135 2283 s.
150 2257 231 2282 Laur.
247 2257 276 2282 in
294 2257 400 2282 Lucina
419 2257 508 2288 (XIV,
530 2258 564 2288 2).

185 2301 206 2333 ⁴¹)
227 2301 276 2327 Cui
293 2301 337 2326 die
354 2302 387 2326 22
406 2301 472 2327 Jun.
494 2302 561 2326 1289
578 2301 679 2334 legatio
701 2300 735 2325 ad
758 2309 870 2333 regnum
896 2301 1001 2326 Siciliae
1024 2310 1039 2326 a
1057 2301 1115 2326 Nic.
1135 2301 1175 2326 IV
1227 2322 1229 2330 ,

115 2346 300 2372 committitur
319 2346 397 2379 (Reg.
419 2346 478 2371 Nic.
500 2346 539 2371 IV
553 2346 568 2371 l.
591 2354 612 2371 c.
634 2354 673 2370 nr.
695 2346 830 2376 2181s85).

186 2391 207 2422 ⁵)
229 2390 337 2416 Subscr.
359 2391 426 2416 1288
446 2390 521 2423 Sept.
541 2391 556 2415 3
574 2405 609 2407 -
628 2390 692 2415 1291
713 2390 781 2422 Aug.
802 2390 848 2419 23;
867 2389 911 2414 (110
931 2390 962 2414 15
981 2390 1044 2415 Jan.
1066 2390 1130 2415 1291
1150 2390 1175 2415 01

115 2437 233 2460 monast.
251 2443 271 2460 s.
291 2435 383 2461 Crucis
399 2435 428 2460 in
445 2435 534 2460 Jerus.
558 2434 589 2460 O.
611 2435 636 2460 S.
656 2434 725 2467 Aug.
749 2434 783 2459 de
803 2434 879 2459 Urbe
897 2434 1031 2459 tuendum
1049 2435 1174 2459 commit-

116 2479 186 2505 titur
205 2479 283 2512 (Reg.
304 2479 363 2505 Nic.
384 2479 424 2504 IV
443 2479 484 2504 ed.
507 2479 633 2511 Lanylois
652 2487 691 2504 nr.
713 2479 806 2509 4094).

187 2524 208 2556 ⁶)
229 2524 343 2554 „Iturus
360 2524 388 2549 in
405 2523 571 2557 legationem
589 2532 667 2548 suam
685 2523 795 2548 recessit
813 2522 846 2547 de
864 2522 945 2547 Curia
964 2523 1029 2549 1297
1048 2523 1112 2547 Dec.
1134 2524 1174 2553 16,

117 2568 153 2594 ad
164 2577 226 2594 eam
238 2577 362 2594 reversus
374 2571 416 2594 est
430 2568 497 2593 1298
509 2568 574 2601 Apr.
589 2568 634 2598 22;
648 2568 747 2593 iterum
761 2567 867 2601 legatus
879 2567 906 2591 in
919 2567 1025 2597 Lomb.,
1038 2567 1174 2597 Tusciam,

117 2612 254 2638 Romand.
274 2613 328 2644 (die
346 2613 379 2638 23
395 2613 462 2638 Maii
481 2613 559 2643 1300)
577 2613 722 2637 institutus
740 2612 818 2644 (Reg.
838 2611 906 2636 Bon.
926 2611 995 2636 VIII
1013 2611 1054 2636 cd.
1076 2611 1176 2643 Diqard

116 2657 233 2691 3892s96
255 2660 284 2683 et
304 2658 384 2689 3900)
405 2658 517 2682 recessit
539 2657 573 2682 de
598 2656 679 2682 Curia
702 2657 769 2681 1300
788 2656 852 2680 Maii
876 2656 917 2685 26,
940 2659 1084 2680 revocatus
1108 2656 1172 2681 1301

116 2701 182 2727 Maii
198 2703 228 2727 21
247 2702 395 2727 revertitur
410 2702 474 2727 1301
491 2701 552 2726 Oct.
568 2700 630 2726 22.“
657 2701 797 2725 Executor
813 2700 975 2725 testamenti
993 2700 1050 2725 eius
1066 2703 1125 2725 erat
1141 2700 1172 2725 fr.

117 2745 278 2772 Franciscus
293 2746 327 2772 de
346 2746 468 2771 Tuderto
489 2745 547 2777 (cfr.
568 2745 665 2770 Monac
685 2753 723 2770 nr.
745 2745 834 2775 5392).

189 2791 209 2822 ⁷)
231 2791 339 2817 Subscr.
365 2791 453 2824 primo
478 2790 544 2815 1288
570 2790 643 2822 Sept.
669 2790 692 2814 3.
738 2789 894 2822 Legationis
917 2788 1009 2813 officio
1031 2788 1176 2813 functurus

117 2835 146 2860 in
158 2835 280 2860 marchia
292 2835 396 2860 Ancon.
411 2838 439 2860 et
451 2834 512 2859 duc.
529 2834 601 2867 Spol.
617 2842 647 2858 ac
661 2834 688 2858 in
701 2834 751 2858 civ.
766 2833 898 2862 Perusin.,
913 2841 982 2865 quae
995 2833 1018 2857 ei
1032 2833 1176 2857 commissa

117 2882 159 2905 est
175 2879 218 2905 die
235 2880 267 2906 27
284 2880 349 2905 Maii
368 2880 435 2905 1300
452 2879 530 2912 (Reg.
549 2878 617 2903 Bon.
635 2878 705 2903 VIII
722 2878 738 2902 l.
757 2886 777 2902 c.
797 2886 835 2902 nr.
854 2877 1048 2908 3886—3891),
1066 2877 1176 2902 recessit

117 2923 151 2949 de
166 2924 248 2950 Curia
264 2925 331 2950 1300
346 2924 411 2949 Maii
427 2924 459 2950 27
475 2926 503 2948 et
519 2931 643 2948 reversus
658 2926 699 2947 est
717 2922 781 2946 1301
798 2921 864 2946 Maii
881 2922 927 2950 2&
943 2920 987 2946 (110
1002 2922 1018 2946 6
1034 2921 1090 2946 Jul.
1110 2921 1173 2946 1301

1283 1769 1317 1794 fit
1333 1772 1422 1794 rector
1441 1769 1558 1794 Sabinae
1575 1769 1652 1802 (Reg.
1671 1769 1734 1794 Vat.
1753 1772 1772 1794 t.
1791 1770 1825 1794 50
1841 1769 1859 1794 f.
1880 1770 1953 1801 120);
1972 1778 2019 1802 pro
2036 1769 2211 1794 reformanda
2228 1778 2294 1803 pace
2310 1771 2339 1796 in

1283 1813 1366 1838 Italia
1383 1814 1451 1839 1306
1466 1814 1547 1839 Mart.
1565 1815 1580 1839 8
1596 1814 1706 1838 recessit
1722 1813 1756 1838 de
1772 1813 1853 1839 Curia
1868 1816 1934 1839 tunc
1951 1813 2086 1838 Avinione
2101 1814 2237 1839 existente
2253 1817 2281 1839 et
2298 1823 2337 1840 re-

1228 1872 1229 1890 ]
1283 1866 1377 1882 versus
1396 1861 1437 1883 est
1457 1858 1492 1882 ad
1512 1857 1626 1883 eandem
1648 1858 1715 1883 1309
1736 1858 1813 1883 Junii
1835 1859 1874 1883 12.

1353 1902 1374 1933 ⁸)
1395 1902 1453 1927 Nic.
1470 1902 1509 1927 IV
1524 1903 1547 1927 ei
1562 1902 1605 1927 die
1622 1903 1653 1927 18
1669 1902 1746 1928 Junii
1764 1903 1830 1927 1288
1845 1902 1947 1927 admin.
1963 1902 2026 1927 eccl.
2043 1911 2076 1927 ss.
2095 1902 2179 1935 Sergii
2194 1905 2222 1928 et
2238 1903 2339 1929 Bacchi

1228 1955 1229 1959 ¹
1283 1946 1414 1971 cardinali
1433 1947 1551 1972 carentis
1569 1947 1728 1976 committit,
1748 1955 1831 1979 quam
1850 1946 1952 1972 admin.
1973 1947 1987 1973 7
2008 1946 2076 1979 Aug.
2099 1947 2166 1972 1290
2185 1947 2338 1973 Landulfus

1228 1988 1229 2002 ³
1283 1994 1365 2016 natus
1384 1991 1500 2016 Joannis
1518 1991 1647 2016 Landulfi
1665 1991 1698 2016 de
1716 1991 1858 2021 Columna,
1877 1999 1935 2016 can.
1955 1991 2110 2020 carnoten„
2130 1991 2239 2016 obtinet
2258 1991 2336 2026 (Reg.

1283 2035 1341 2060 Nic.
1360 2035 1399 2060 IV
1416 2035 1457 2060 ed.
1476 2035 1602 2067 Lanylm’s
1618 2043 1657 2060 nr.
1679 2036 1724 2061 171
1744 2038 1772 2060 et
1789 2036 1877 2066 2989).
1901 2035 1969 2060 Erat
1985 2036 2069 2060 etiam
2086 2035 2253 2068 archipresb.
2272 2036 2336 2062 eccl.

1283 2079 1444 2104 Lateranen.
1463 2083 1490 2104 et
1508 2079 1628 2104 habebat
1645 2080 1672 2104 in
1689 2088 1786 2104 comm.
1805 2079 1880 2104 basil.
1899 2088 1919 2104 s.
1938 2080 2078 2104 Laurentii
2095 2079 2212 2110 (Sancta
2229 2084 2337 2106 sancto-

1283 2125 1353 2155 rum)
1376 2132 1495 2148 unacum
1517 2124 1579 2149 eccl.
1603 2132 1622 2148 s.
1645 2124 1747 2148 Mariae
1769 2124 1904 2149 rotundae
1925 2132 1956 2149 ac
1978 2132 2010 2148 ss.
2038 2123 2141 2154 Quirici
2167 2127 2195 2149 et
2218 2124 2337 2150 Julittae

1282 2168 1316 2193 de
1335 2168 1409 2193 Urbe
1429 2168 1487 2199 (cfr.
1510 2168 1575 2201 Reg.
1596 2167 1678 2193 Clem.
1700 2168 1723 2193 V
1742 2168 1783 2193 ed.
1804 2168 1877 2193 Mon.
1900 2168 2000 2193 Bened.
2022 2176 2060 2192 nr.
2082 2167 2209 2200 3534s57)
2230 2176 2337 2194 necnon

1282 2221 1302 2237 3.
1324 2213 1397 2237 Petri
1416 2212 1452 2237 ad
1472 2213 1552 2242 vinc„
1573 2220 1657 2245 quam
1676 2212 1738 2237 eccl.
1759 2212 1878 2237 dimittit
1897 2216 1959 2245 post
1978 2212 2123 2237 obtentam
2143 2213 2336 2238 commendam

1283 2257 1358 2282 basil.
1376 2257 1434 2281 XII
1450 2260 1552 2289 apost.;
1571 2257 1637 2282 1318
1653 2256 1721 2289 Aug.
1741 2257 1772 2282 16
1788 2256 1822 2282 fit
1836 2256 2000 2289 archipresb.
2019 2256 2094 2281 basil.
2112 2264 2132 2281 3.
2150 2256 2252 2281 Mariae
2269 2258 2335 2290 maj.

1283 2301 1340 2332 (cfr.
1359 2301 1456 2326 Mollal
1474 2309 1513 2326 nr.
1535 2301 1618 2327 10778
1635 2300 1670 2325 ad
1686 2301 1697 2325 1
1714 2301 1777 2326 Jan.
1796 2301 1863 2326 1320
1875 2304 1904 2326 et
1916 2301 2005 2331 8042).
2019 2315 2055 2318 —
2068 2300 2091 2325 A
2105 2300 2248 2326 Ciac.-Olcl.
2264 2302 2335 2327 inter

1228 2345 1229 2369 1
1283 2345 1432 2370 cardinales
1459 2354 1506 2378 per
1531 2345 1589 2370 Nic.
1617 2345 1656 2370 IV
1682 2347 1787 2370 creatos
1812 2345 1923 2378 insuper
1948 2347 2134 2370 recensentur:
2161 2344 2337 2372 Theobaldus

1285 2390 1454 2422 Stampensis
1484 2389 1596 2422 Anglus,
1629 2389 1756 2414 Bonitius
1785 2397 1826 2422 ep.
1854 2389 2023 2419 Cremonen„
2049 2389 2148 2414 Petrus
2173 2388 2207 2414 de
2233 2389 2338 2416 Barelis

1285 2433 1378 2459 Gallus
1398 2434 1428 2459 Ο.
1451 2433 1475 2459 b.
1496 2434 1598 2458 Mariae
1617 2433 1651 2458 de
1671 2433 1801 2458 mercede.

1352 2478 1373 2509 9)
1396 2478 1458 2503 Sive
1480 2477 1611 2503 fundator
1632 2477 1776 2510 cujusdam
1798 2478 2015 2511 congregationis
2037 2477 2068 2502 O.
2093 2477 2119 2502 S.
2143 2476 2185 2507 Β.,
2208 2486 2278 2510 quae
2299 2479 2335 2504 ab

1283 2523 1341 2555 ipso
1360 2531 1460 2547 nomen
1479 2522 1693 2547 Coelestinorum
1713 2522 1869 2554 assumpsit.

1354 2566 1385 2598 ¹⁰)
1406 2566 1447 2591 Eo
1462 2569 1585 2599 tempore
1601 2566 1627 2591 S.
1641 2566 1672 2591 R.
1686 2566 1717 2590 E.
1733 2566 1884 2591 cardinales
1898 2566 2029 2599 agebant:
2046 2565 2162 2590 Latinus
2176 2574 2218 2598 ep.
2231 2565 2335 2593 Ostien.

1283 2611 1377 2642 (XIII,
1398 2611 1431 2642 1),
1456 2610 1592 2635 Gerardus
1609 2618 1650 2643 ep.
1671 2610 1797 2635 Sabinen.
1817 2607 1964 2643 (X111‚„35‚
1988 2609 2111 2635 Joannes
2128 2618 2170 2642 ep.
2189 2610 2335 2638 Tusculan.

1229 2647 1230 2651 Ἰ
1283 2655 1367 2687 (XV),
1389 2654 1548 2680 Matthaeus
1568 2662 1610 2687 ep.
1633 2654 1761 2679 Portuen.
1785 2654 1873 2686 (XVI,
1896 2655 1932 2686 3),
1955 2654 2121 2679 Benedictus
2142 2654 2186 2679 tit.
2209 2663 2243 2679 ss.
2268 2655 2334 2682 Silv.

1282 2702 1311 2724 ct
1323 2699 1403 2724 Mart.
1419 2699 1507 2730 (XIV,
1522 2699 1558 2730 7),
1572 2698 1654 2731 Hugo
1667 2699 1709 2723 tit.
1725 2707 1744 2723 3.
1761 2698 1879 2724 Sabinae
1893 2699 1981 2730 (XVI,
1995 2699 2031 2730 2),
2046 2698 2144 2723 Petrus
2158 2698 2201 2723 tit.
2216 2707 2236 2723 s.
2250 2699 2336 2726 Marci

1283 2743 1371 2774 (XVI,
1386 2744 1422 2774 4),
1436 2742 1595 2768 Matthaeus
1608 2742 1676 2767 diac.
1692 2751 1712 2767 3.
1726 2743 1829 2768 Mariae
1842 2743 1869 2768 in
1883 2746 1953 2776 port.
1969 2743 2044 2774 (VII,
2060 2743 2112 2773 14),
2128 2742 2251 2767 Jacobus
2264 2743 2333 2770 diac.

1283 2796 1302 2812 3.
1320 2788 1422 2812 Mariae
1438 2788 1465 2812 in
1482 2788 1527 2812 via
1543 2787 1600 2812 lata
1616 2787 1710 2818 (XIII,
1728 2787 1764 2818 9),
1781 2787 1920 2820 Neapoleo
1936 2787 2004 2812 diac.
2023 2795 2042 2812 s.
2061 2786 2174 2811 Adriani
2192 2787 2280 2818 (XVI,
2298 2790 2335 2820 5),

1284 2832 1381 2857 Petrus
1402 2831 1471 2856 diac.
1494 2840 1514 2856 3.
1538 2830 1680 2856 Eustachii
1703 2831 1791 2862 (XVI,
1814 2832 1849 2863 6).

1354 2875 1385 2907 ll)
1406 2875 1488 2908 Apud
1507 2875 1655 2900 Civitatem
1675 2875 1798 2900 vetulam
1818 2875 1918 2907 <civita
1937 2875 2058 2906 machia).

1354 2920 1386 2951 ¹²)
1412 2920 1519 2945 Subscr.
1542 2920 1609 2944 1295
1629 2919 1706 2944 Junii
1720 2920 1750 2944 21
1764 2934 1799 2936 -
1814 2920 1880 2945 1298
1894 2920 1970 2945 Junii
1983 2920 2028 2949 27;
2052 2919 2099 2944 cfr.
2115 2926 2176 2951 pag.
2192 2919 2224 2944 13
2237 2922 2294 2945 not.
2309 2921 2334 2946 4.

2125 2967 2163 2989 0*
