2482 3178
127 128 168 159 37
173 129 191 159 2
1006 124 1228 161 Novarien..
1252 123 1486 159 Noviomen.

128 230 178 261 ob.
192 229 282 270 Engl.
297 230 388 268 (1297
403 230 540 268 ξ1111121)

128 287 167 314 tr.
193 283 304 324 Papin.
330 283 370 313 ad
394 283 540 313 Parmen.

128 341 167 367 tr.
195 337 305 367 Barth.
333 336 373 366 ad
399 336 539 367 Trident.

129 390 179 421 ob.
203 390 288 431 Hug.
314 391 418 429 (1329)

129 448 167 474 tr.
197 444 267 474 Joa.
294 443 335 474 ad
360 442 528 473 Mediolan.

129 497 179 528 ob.
196 497 278 528 Guil.
295 498 386 535 (1355
401 497 474 527 Jan.
489 497 540 541 29)

129 551 179 581 ob.
208 550 294 581 Oldr.
323 552 361 589 (c.
392 551 480 588 1388)

129 608 168 635 tr.
185 604 270 634 Petri
286 603 327 634 ad
342 602 551 641 Mediolan.¹⁰)

129 658 179 688 ob.
206 657 340 688 ,Ioannis

128 715 167 741 tr.
191 710 276 741 Petri
300 710 341 740 ad
365 710 501 740 ‹Januen.

584 656 694 687 Petrus
717 655 900 695 (Degiorgi),
925 666 973 695 ep.
998 654 1172 685 Terdonen.

585 229 778 264 Papinianus
807 227 901 267 (della
931 227 1065 264 Rovere,
1096 237 1238 267 praepos
1269 226 1442 266 Parmen.⁴²)

585 282 848 313 Bartholomaeus
878 281 1041 320 (Quirini),
1071 291 1119 321 ep.
1150 279 1318 311 Castellan.

585 335 738 370 Huguitio
767 334 975 373 (Borromeo),
1005 345 1074 364 can.
1104 333 1280 372 Leodien.⁵)

586 389 725 420 Joannes
753 388 932 426 (Visconti),
961 398 1030 418 can.
1060 386 1281 431 Mediolanfl).

587 442 761 473 Guilelmus
791 441 986 480 (Amidam),
1017 441 1102 481 prior
1129 451 1198 481 gen.
1230 440 1266 471 O.
1297 440 1349 471 Er.
1380 451 1404 471 S.
1435 440 1501 479 A.⁷)

586 495 750 530 oldradus,
778 505 846 524 can.
875 494 931 535 ips.
960 494 1045 531 eccl„
1072 493 1182 534 capell.
1212 493 1242 524 S.
1270 494 1334 532 P.⁸)

584 549 694 580 Petrus
724 547 915 588 (Philargus)
944 548 983 578 de
1013 547 1132 578 Candia
1162 547 1211 586 (O.
1242 547 1361 586 Min.)⁹)

586 603 726 633 Joannes
755 601 961 642 (Capogallo)>
991 612 1038 642 ep.
1070 601 1205 631 Feltren.
1236 604 1268 631 et
1296 600 1500 639 Bellunen.¹¹)

583 709 845 740 Bartholomaeus
873 708 912 738 de
942 708 1199 745 Vicecomitibus,
1228 707 1299 738 cler.
1330 707 1500 748 Papien.12)
1545 710 1620 739 1429
1646 708 1728 740 Nov.
1755 710 1774 739 4

1546 228 1622 257 1296
1643 227 1734 259 Febr.
1756 229 1775 258 4

1546 281 1622 311 1303
1648 281 1722 312 Jan.
1747 282 1766 311 8

1546 335 1622 364 1304
1649 334 1739 366 Febr.
1770 336 1806 366 19

1545 389 1619 418 1331
1649 388 1728 429 Aug.
1759 390 1771 418 1

1545 442 1621 471 1342
1651 441 1729 482 Julii
1759 442 1795 472 17

1545 496 1621 525 1356
1654 495 1723 526 Oct.
1759 497 1794 525 12

1545 549 1621 578 1389
1651 548 1738 589 Sept.
1770 550 1806 579 18

1545 602 1621 632 1402
1648 602 1728 643 Aug.
1756 603 1774 632 4

1545 656 1621 685 1413
1648 655 1738 686 Febr.
1770 657 1805 686 15

676 810 910 845 noviomen.
936 810 1109 853 (Noyon)
1133 811 1167 842 in
1192 810 1309 847 Gallia,
1334 810 1424 841 suffr.
1450 809 1610 842 Rhemen.
1638 810 1740 848 (3000
1764 811 1811 852 ss.)

128 889 178 920 ob.
205 888 359 929 Stephani
383 890 487 927 (1221)
587 888 742 919 Gerardus
763 887 802 917 (10
826 886 993 923 Basoehes,
1017 886 1106 917 sedet

129 942 178 973 ob.
205 942 335 973 Gerardi
361 943 465 981 (1228)
583 941 730 971 Nicolaus
751 940 790 971 de
814 940 902 977 Roie,
926 940 963 971 el.

129 996 179 1026 ob.
193 996 231 1026 N.
246 996 339 1034 (1240
350 1006 375 1026 c.
389 1006 430 1025 111.
444 995 551 1033 Mart.)
583 995 693 1026 Petrus
715 994 881 1032 Charlotl)‚
905 993 942 1024 el.

128 1050 179 1080 ob.
200 1049 286 1079 Petri
307 1050 398 1088 (1249
419 1048 488 1079 Oct.
509 1050 540 1087 9)
583 1048 783 1079 Vermundus
805 1047 844 1078 de
868 1047 1031 1083 Boissiere‚
1055 1047 1091 1077 01.

129 1103 179 1133 ob.
200 1103 304 1133 Verm.
326 1103 379 1141 (in.
400 1113 427 1132 a.
451 1102 539 1140 1272)

129 1157 179 1187 ob.
193 1156 286 1187 Guid.
300 1156 391 1195 (1297
404 1156 540 1194 Jan.11)

129 1214 167 1240 tr.
199 1210 274 1240 Sim.
303 1209 343 1240 ad
372 1209 539 1239 Belvacen.

129 1268 167 1294 tr.
197 1263 283 1293 Petri
311 1263 352 1293 ad
381 1262 539 1293 Arelaten.

128 1317 179 1348 ob.
200 1317 258 1347 An.
279 1317 371 1355 (1315
389 1327 430 1347 m.
451 1316 539 1356 Apr.)

128 1382 186 1401 res.
211 1370 361 1400 Florentii

129 1428 168 1455 tr.
190 1423 257 1454 Ful.
279 1423 320 1454 ad
341 1423 540 1462 Bitu1·ieen.⁵)

129 1482 168 1508 tr.
203 1476 285 1507 Guil.
318 1477 358 1507 ad
391 1477 539 1517 Bajocen.

129 1536 168 1561 tr.
184 1530 293 1571 Steph.
306 1531 347 1560 ad
359 1530 551 1561 Claromont.

130 1588 168 1615 tr.
188 1584 273 1614 Petri
290 1584 331 1614 ad
348 1584 540 1614 Claromont.

129 1642 168 1668 tr.
191 1638 284 1668 Bern.
306 1637 347 1668 ad
368 1637 540 1667 Autissiod.

129 1691 180 1722 ob.
206 1691 362 1722 Guidonis

586 1155 695 1186 Simon
717 1155 756 1185 de
779 1155 924 1185 Clermon
929 1153 1051 1185 t-Nesle

583 1262 726 1293 Andreas
753 1261 792 1300 (10
818 1262 923 1292 Moine
949 1261 988 1291 al.
1016 1261 1055 1291 de
1081 1261 1194 1300 Creoi4)

583 1315 760 1346 Florentius
781 1315 820 1345 de
843 1315 873 1345 la
897 1315 1060 1351 Boissiere,
1084 1314 1120 1345 el.

585 1530 696 1561 Petrus
720 1529 874 1566 Andreae,
898 1540 967 1559 can.
992 1529 1142 1559 Parisien.

585 1583 765 1614 Bernartius
788 1583 828 1622 (10
852 1583 963 1622 Β11111),
987 1594 1035 1623 ep.
1060 1582 1200 1613 Anicien.

586 1788 730 1814 Novarien.

195 1850 216 1882 4)
236 1851 401 1884 Capellanus
425 1851 450 1875 S.
476 1850 504 1875 P.
528 1853 555 1875 et
580 1849 632 1882 pal.
656 1853 746 1882 apost.
770 1858 844 1875 caus.
869 1850 990 1880 auditor,
1014 1850 1194 1883 postmodum

127 1896 152 1921 S.
179 1896 211 1920 R.
237 1896 268 1920 E.
293 1895 545 1920 vicecancellarius:
580 1894 690 1926 rejectis
714 1894 836 1920 Henrico
859 1895 966 1928 apresb.
992 1895 1141 1920 Novarien.
1166 1898 1195 1920 et

124 1940 269 1966 Matthaeo
293 1940 338 1971 (de
362 1939 589 1970 Vicecomitibus)
615 1947 738 1972 praepos
764 1939 829 1964 eccl.
855 1939 889 1964 de
914 1939 1003 1964 Dexio
1026 1939 1112 1965 dioec.
1138 1940 1193 1965 Me-

124 1985 225 2010 diolan.
247 1985 275 2009 in
295 1984 360 2009 disc.
383 1986 479 2017 (temp.
501 1984 561 2009 Nic.
584 1984 633 2015 IV)
654 1984 756 2009 electis.

195 2029 216 2060 ⁵)
237 2029 337 2062 Capell.
364 2029 389 2055 S.
415 2029 443 2054 P.
468 2032 497 2054 et
519 2029 573 2054 litt.
598 2028 763 2054 contradict.
788 2029 908 2054 auditor.

197 2074 218 2105 6)
240 2074 377 2104 Provisus,
411 2074 559 2107 „quamvis
581 2076 640 2098 tam
661 2082 774 2106 gravem
797 2073 1026 2099 contradictionis
1048 2074 1195 2099 materiam

124 2119 271 2151 occupatio
294 2119 429 2143 bonorum
450 2121 575 2151 aepatus.
598 2117 746 2143 Mediolan.
769 2126 801 2143 ac
823 2118 994 2151 dignitatum
1015 2121 1044 2143 et
1066 2127 1194 2151 persona-

124 2167 205 2188 tuum
226 2163 350 2195 ejusdem
372 2172 420 2196 per
440 2171 504 2188 eum
525 2165 678 2188 attentata.
710 2171 744 2188 110
769 2162 805 2188 ad
826 2163 958 2188 ecclesiae
979 2163 1129 2188 Novarien.
1152 2171 1193 2188 as-

124 2210 280 2233 sumeretur
308 2208 437 2241 regimen,
467 2207 651 2232 ministrasset
682 2207 754 2240 (ejus
782 2208 810 2232 in
838 2207 948 2233 Cardin.
979 2208 1119 2241 promotio
1147 2216 1196 2241 per

124 2253 184 2278 Nic.
199 2253 363 2285 antipapam
377 2252 401 2278 V
414 2252 524 2277 silentio
537 2252 725 2285 praeteritur),
745 2254 773 2277 et
788 2252 918 2285 quamvis
931 2260 981 2285 pro
1000 2252 1116 2277 diversis
1135 2257 1195 2277 a¹⁴1S

125 2297 212 2328 (viris)
230 2300 288 2321 tam
306 2297 459 2330 capitulum
478 2305 562 2330 quam
579 2297 664 2322 etiam
681 2297 869 2322 communitas
885 2299 914 2322 et
931 2296 1012 2322 mult-i
1029 2297 1195 2323 excellentes

124 2342 261 2374 principes
277 2342 499 2374 supplicassent“
517 2341 544 2373 (ἶ.
563 2350 584 2366 c.
603 2350 665 2374 epp.
684 2342 733 2368 731
752 2344 781 2366 et
797 2342 874 2372 732);
892 2342 925 2371 01,
943 2342 992 2374 qui
1007 2350 1050 2374 ep.
1069 2342 1120 2368 733
1138 2350 1194 2366 mo-

124 2389 215 2416 netur,
239 2389 272 2411 ut
295 2386 331 2411 ad
354 2387 585 2419 gubernationem
609 2386 739 2411 ecclesiae
763 2386 815 2411 sibi
839 2386 1003 2411 commissae
1027 2385 1121 2411 studia
1145 2394 1195 2411 sua

122 2430 235 2463 dirigat,
252 2439 293 2463 ep.
309 2432 360 2456 518
378 2431 406 2461 (f.
424 2432 484 2462 107)
502 2431 670 2464 indulgetur,
688 2433 720 2456 ut
735 2431 821 2456 etiam
838 2431 939 2456 litteris
955 2430 990 2456 de
1006 2439 1057 2456 sua
1074 2433 1193 2464 promot.

124 2483 181 2499 non
204 2475 336 2500 confectis
360 2475 395 2500 ad
418 2475 535 2500 eandem
559 2475 622 2500 eccl.
648 2475 764 2500 accedat
786 2478 815 2500 et
838 2475 898 2508 ejus
921 2475 1194 2500 administrationem

124 2520 153 2544 in
169 2520 232 2552 spir.
249 2522 277 2544 et
292 2523 377 2552 temp.
394 2521 528 2553 suscipiat
543 2521 596 2553 (ep.
616 2521 683 2545 1516
698 2520 746 2545 cfr.
765 2521 842 2550 1517,
858 2520 876 2545 f.
894 2520 970 2551 292);
989 2520 1054 2546 1331
1072 2520 1144 2545 Nov.
1161 2520 1195 2546 20

124 2563 215 2589 eidem
247 2567 308 2589 tum
331 2567 496 2598 prorogatur
517 2567 629 2598 tempus
651 2564 801 2598 recipiendi
822 2573 924 2590 munus
946 2573 1077 2595 consecr..
1119 2564 1195 2598 quod

125 2608 239 2641 quidem
257 2609 329 2633 inter
346 2609 379 2634 23
398 2609 462 2634 Dec.
484 2609 549 2634 1331
569 2613 597 2634 et
617 2610 648 2634 18
666 2609 732 2634 Maii
752 2609 820 2635 1332
847 2609 946 2642 recipit
973 2609 1032 2640 (cfr.
1053 2609 1068 2634 1.
1088 2617 1110 2634 0.
1130 2617 1193 2643 epp.

128 2653 195 2678 1553
210 2656 239 2678 et
256 2654 344 2684 1594),
360 2656 421 2678 tum
438 2655 490 2687 (ep.
510 2655 588 2685 1518)
606 2662 678 2679 mon.
696 2662 716 2679 s.
735 2653 836 2679 Jacobi
850 2653 885 2679 de
900 2654 1118 2679 Pontidadioec.
1130 2654 1194 2679 Per-

125 2706 233 2731 gamen.
254 2698 285 2723 O.
306 2697 383 2723 Clun.
404 2698 432 2723 in
450 2698 644 2723 commendam
662 2698 754 2723 datur.
791 2698 846 2724 Ofr.
866 2707 928 2732 epp.
949 2699 1001 2724 505
1019 2701 1048 2724 et
1066 2699 1127 2729 506,
1146 2698 1195 2724 ubi

119 2742 177 2775 ipsi
196 2745 225 2767 et
243 2742 377 2767 fratribus
396 2743 456 2775 ejus
475 2743 666 2768 conceduntur
684 2743 795 2768 litterae
815 2751 917 2776 „super
936 2743 1139 2776 protestatione
1158 2743 1194 2768 ab

125 2787 164 2812 eis
183 2786 218 2812 de
237 2787 411 2812 non-haeresi
431 2787 535 2812 facta“.
557 2803 592 2805 —
611 2788 642 2812 A.
666 2788 734 2813 1329
754 2796 770 2812 a
790 2788 850 2813 Nic.
871 2788 1008 2821 antipapa
1028 2788 1053 2813 V
1074 2789 1195 2815 Jacobus

123 2831 160 2856 de
186 2831 319 2865 Spanhay
342 2832 370 2856 in
394 2840 485 2865 epum.
511 2832 614 2857 Novar.
641 2835 785 2865 promotus
808 2834 877 2857 erat.

202 2876 223 2907 ⁷)
242 2876 314 2909 Mag.
336 2876 420 2901 theol.

197 2920 219 2952 ⁸)
239 2921 296 2954 Ipsi
320 2924 404 2946 notus
428 2921 513 2946 famil.
539 2929 642 2954 exper..
667 2929 741 2946 caus.
768 2921 822 2954 pal.
848 2924 938 2954 apost.
965 2921 1084 2947 auditor.

587 1101 687 1132 Guido
711 1101 750 1131 de
774 1101 879 1131 Pratis
904 1100 971 1139 (des
996 1101 1096 1139 Prez),
1121 1111 1190 1131 can.
1216 1101 1273 1141 ips.
1298 1100 1400 1139 eccl.2)

583 1209 694 1240 Petrus
721 1208 772 1247 (de
799 1208 977 1246 Ferrieres),
1004 1219 1052 1248 ep.
1080 1207 1272 1246 Lectoren.³)

583 1369 761 1400 Fulcaudus
785 1368 835 1407 (de
859 1368 1127 1407 Rochechouart),
1151 1368 1290 1399 decanus
1313 1368 1485 1398 Bituricen.

587 1423 760 1454 Guilelmus
788 1422 968 1459 Bertrandi,
998 1433 1067 1453 can.
1096 1422 1259 1459 Parisien.‚
1288 1421 1430 1452 subdiac.

586 1476 764 1511 Stephanus
792 1475 924 1512 Alberti,
952 1486 1020 1506 can.
1049 1475 1211 1512 parisien„
1238 1475 1342 1516 legum
1368 1475 1480 1515 doctor

1545 887 1621 916 1222

1545 941 1622 970 1228

1546 994 1623 1024 1240

1546 1048 1623 1077 1250

1546 1100 1622 1131 1273
1652 1101 1726 1131 Jau.
1756 1102 1774 1131 5

1547 1154 1622 1184 1297

1546 1208 1620 1238 1301
1651 1207 1727 1239 Dec.
1757 1210 1795 1239 22

1547 1262 1623 1291 1304
1650 1261 1741 1292 Febr.
1771 1263 1807 1292 19

1547 1316 1624 1345 1315
1653 1315 1742 1346 Junii
1769 1315 1807 1346 27

1548 1368 1623 1398 1317
1648 1368 1723 1410 Apr.
1751 1370 1786 1399 16

1547 1423 1621 1452 1331
1649 1422 1743 1453 Mart.
1772 1423 1785 1452 1

1548 1476 1625 1506 1338
1655 1476 1728 1506 Jan.
1758 1477 1797 1506 23
1822 1504 1823 1515 ,

1548 1530 1626 1559 1340
1656 1529 1726 1560 Oct.
1761 1531 1794 1559 11

1837 228 1916 259 Bon.
1942 228 2022 259 VIII
2047 240 2075 260 a.
2100 231 2119 261 2
2142 241 2191 272 ep.
2216 232 2255 262 33
2279 233 2364 272 (914)

1836 282 1915 312 Bon.
1934 282 2015 312 VIII
2032 293 2060 314 a.
2079 284 2098 313 8
2115 285 2151 323 (t.
2169 285 2221 324 50)
2238 296 2287 326 ep.
2305 286 2366 316 400

1837 335 1913 366 Ben.
1939 335 1989 366 XI
2013 347 2061 377 ep.
2088 337 2146 368 527
2172 338 2255 378 (627)

1838 389 1889 419 J0.
1906 389 2007 420 XXII
2024 400 2052 420 a.
2072 392 2108 421 15
2125 392 2161 430 (t.
2181 392 2250 431 116)
2267 392 2288 423 f.
2308 393 2367 423 140

1836 442 1898 473 Cle.
1924 442 1969 473 VI
1994 453 2022 473 a.
2051 445 2061 473 1
2092 445 2128 483 (t.
2157 445 2226 484 152)
2251 456 2300 486 ep.
2325 447 2365 476 26

1837 495 1907 526 Inn.
1935 496 1979 526 VI
2007 497 2065 527 Av.
2093 501 2116 528 t.
2146 499 2183 528 14
2208 498 2229 529 f.
2255 500 2295 529 88

1837 549 1914 580 Urb.
1938 549 1982 580 VI
2007 550 2076 581 Obl.
2100 552 2139 581 48
2161 551 2181 582 f.
2205 553 2243 582 89

1836 603 1915 633 Bon.
1930 603 1979 634 IX
1991 614 2018 634 a.
2035 605 2070 634 13
2082 603 2153 635 Lat.
2167 604 2186 635 1.
2202 606 2258 635 146
2270 605 2292 637 f.
2307 607 2365 637 138

1837 656 1887 687 J0.
1899 656 2019 687 XXIII
2030 668 2058 688 a.
2070 659 2088 687 3
2099 657 2170 689 Lat.
2182 658 2202 689 1.
2214 669 2261 699 pr.
2272 659 2294 690 f.
2307 659 2364 690 187

1836 709 1930 741 Mart.
1948 710 1975 741 V
1991 721 2018 741 a.
2038 712 2074 741 12
2089 711 2161 742 Lat.
2177 711 2197 742 1.
2213 713 2252 742 95
2267 712 2289 743 f.
2307 713 2365 743 144

1900 967 1997 999 Gams
2019 970 2080 999 590

1839 1102 1910 1133 Gre.
1937 1102 1969 1133 X
1994 1113 2022 1133 a.
2051 1104 2063 1133 l
2092 1104 2128 1143 (t.
2155 1103 2206 1143 37)
2231 1115 2280 1146 ep.
2307 1106 2365 1136 122

1839 1155 1938 1186 Gams
1960 1157 2020 1186 590

1838 1209 1917 1239 Bon.
1936 1209 2016 1240 VIII
2034 1221 2062 1240 a.
2081 1210 2098 1241 7
2117 1211 2153 1250 (t.
2171 1211 2222 1251 50)
2239 1222 2288 1253 ep.
2306 1213 2366 1243 319

1838 1262 1915 1293 Ben.
1944 1263 2012 1294 XII
2040 1274 2088 1304 ep.
2117 1265 2176 1295 316
2204 1265 2288 1304 (355)

1840 1316 1938 1347 Gams
1960 1317 2020 1347 590

1840 1369 1890 1400 J0.
1906 1369 2007 1400 XXII
2024 1381 2051 1401 a.
2070 1372 2083 1401 1
2102 1372 2138 1410 (t.
2155 1372 2206 1411 66)
2221 1382 2270 1413 ep.
2285 1373 2366 1403 3392

1840 1423 1890 1454 J0.
1905 1423 2007 1454 XXII
2021 1435 2049 1455 a.
2067 1425 2103 1454 15
2118 1425 2154 1464 (t.
2169 1424 2220 1464 97)
2234 1436 2283 1466 ep.
2299 1425 2365 1466 19⁶)

1838 1476 1915 1507 Ben.
1936 1477 2003 1508 XII
2023 1488 2051 1508 a.
2072 1479 2090 1508 4
2110 1479 2146 1517 (t.
2169 1479 2238 1518 125)
2258 1489 2307 1520 ep.
2326 1479 2366 1510 44

1839 1530 1916 1561 Ben.
1933 1530 2001 1561 XII
2018 1541 2045 1562 a.
2064 1532 2081 1561 6
2099 1532 2135 1571 (t.
2155 1533 2224 1571 128)
2241 1543 2290 1574 ep.
2306 1533 2366 1564 362

589 1637 690 1667 Guido
713 1636 764 1675 (de
787 1636 969 1675 comborn),
994 1647 1042 1677 ep.
1066 1636 1266 1667 Lemovicen.

586 1691 745 1721 Firminus
773 1690 980 1730 (Cocquerel),
1009 1690 1148 1721 decanus
1175 1690 1325 1720 Parisien.

1548 1583 1624 1613 1342
1654 1582 1741 1624 Sept.
1770 1584 1808 1613 25
1838 1583 1899 1614 Cle.
1926 1583 1971 1614 VI
1996 1595 2024 1615 a.
2052 1586 2066 1615 1
2094 1586 2130 1624 (t.
2158 1586 2227 1625 152)
2252 1596 2301 1627 ep.
2326 1586 2366 1617 44

1548 1635 1623 1666 1347
1654 1636 1728 1667 Maii
1762 1638 1798 1667 14
1822 1637 1900 1668 Cle.
1927 1637 1971 1668 VI
1996 1648 2023 1669 a.
2050 1639 2068 1668 5
2094 1639 2130 1677 (t.
2158 1638 2228 1678 177)
2252 1650 2301 1681 ep.
2326 1640 2367 1671 80

1547 1690 1625 1720 1348
1650 1689 1732 1720 Νον.
1761 1691 1798 1720 14
1838 1690 1900 1721 Cle.
1927 1690 1971 1721 VI
1996 1702 2024 1722 a.
2050 1691 2068 1722 7
2094 1693 2130 1731 (t.
2158 1693 2227 1732 188)
2252 1703 2301 1734 ep.
2326 1693 2366 1724 34

1372 1786 1393 1818 ⁹)
1414 1787 1465 1820 Ep.
1486 1787 1624 1812 vicentin.
1646 1787 1709 1818 (fut.
1731 1787 1808 1813 Alex.
1830 1787 1873 1819 V).

1371 1831 1403 1863 ¹⁰)
1424 1831 1502 1856 Inter
1515 1840 1578 1856 eum
1593 1834 1621 1857 et
1633 1832 1773 1857 Joannem
1787 1832 1863 1865 apud
1876 1832 1959 1858 Gams
1968 1841 1993 1858 a.
2007 1834 2074 1859 1402
2089 1834 2198 1867 positus
2211 1837 2254 1860 est
2267 1834 2364 1868 Ipran-
2389 1824 2392 1827 .

1298 1876 1359 1907 dus,
1389 1876 1437 1909 qui
1455 1876 1640 1902 eliminandus
1658 1879 1713 1906 est;
1743 1876 1838 1902 forsan
1857 1886 1873 1902 a
1893 1878 1977 1911 capit.
1998 1878 2111 1911 quidem
2130 1878 2243 1910 electus,
2257 1887 2274 1904 a
2292 1879 2319 1906 S.
2332 1879 2362 1906 P.

1299 1929 1366 1946 vero
1385 1929 1441 1946 non
1460 1921 1644 1946 confirmatus
1663 1924 1713 1946 est.

1371 1965 1403 1997 11)
1423 1965 1465 1991 Eo
1489 1966 1616 1999 deposito
1642 1974 1690 1999 per
1716 1966 1770 1991 Gre
1795 1966 1854 1991 XII
1880 1966 2042 2000 praeficitur
2071 1967 2186 2001 quidam
2219 1969 2364 2001 flentium,

1299 2010 1343 2035 cui
1364 2011 1380 2036 3
1401 2010 1480 2036 Febr.
1506 2011 1574 2036 1410
1594 2010 1756 2036 conceditur
1776 2011 1896 2036 facultas
1917 2011 2143 2045 apprehendendi
2164 2013 2365 2046 possessionem

1299 2055 1436 2080 bonorum
1457 2055 1521 2080 eccl.
1545 2055 1616 2081 Nov.
1640 2055 1719 2089 (Reg.
1743 2055 1806 2081 Vat.
1830 2058 1849 2081 t.
1873 2056 1924 2083 337
1946 2056 1965 2082 f.
1989 2057 2060 2088 122).

1371 2099 1403 2131 ¹²)
1423 2100 1457 2125 In
1479 2100 1577 2125 minor.
1600 2103 1699 2130 const,
1722 2101 1755 2127 27
1777 2109 1802 2125 a.
1825 2109 1917 2134 agens

1751 2164 1911 2190 Noviomen.

1373 2207 1393 2238 ¹)
1414 2207 1483 2239 Ejus
1506 2207 1567 2239 (filii
1590 2210 1682 2232 natur.
1707 2207 1740 2232 cl.
1766 2216 1801 2233 m.
1828 2208 1898 2241 regis
1922 2208 2056 2233 Franciae
2079 2211 2108 2234 et
2130 2208 2255 2234 subdiac.
2283 2209 2309 2235 S.
2334 2209 2365 2236 P.

1299 2252 1456 2283 existentis)
1477 2252 1575 2277 electio
1597 2255 1706 2277 cassata
1727 2255 1756 2277 et
1778 2252 1836 2285 ipse
1857 2252 1893 2278 ab
1915 2252 2009 2278 officio
2030 2252 2196 2279 diaconatus
2217 2261 2367 2287 suspensus

1299 2300 1341 2322 est
1361 2305 1377 2321 a
1399 2296 1461 2322 Gre.
1482 2296 1526 2322 IX
1546 2298 1581 2328 (a.
1605 2298 1637 2322 14
1657 2300 1676 2322 t.
1698 2297 1733 2322 20
1752 2305 1814 2330 epp.
1838 2298 1897 2327 115,
1919 2298 1980 2329 116)
2002 2298 2071 2323 1240
2091 2298 2161 2323 Julii
2180 2299 2207 2328 5,
2228 2298 2277 2324 sed
2298 2299 2364 2324 1241

1301 2341 1366 2367 Jan.
1386 2341 1419 2366 23
1437 2341 1462 2366 01
1479 2341 1619 2366 indultum
1637 2344 1679 2367 est
1697 2341 1745 2373 (ib.
1765 2349 1807 2374 ep.
1827 2342 1901 2373 205),
1919 2345 1952 2367 ut
1970 2345 2064 2375 posset
2081 2350 2122 2373 ea,
2141 2351 2213 2376 quae
2230 2342 2267 2368 ad
2283 2343 2366 2374 diac„

1299 2385 1421 2419 presbyt.
1445 2388 1473 2411 et
1494 2386 1575 2419 episc.
1599 2386 1724 2411 officium
1746 2386 1896 2419 pertinent,
1918 2387 2019 2420 exequi
2039 2389 2068 2412 et
2089 2387 2126 2412 ad
2146 2389 2270 2421 epatum.
2293 2387 2364 2422 eligi.

1301 2431 1344 2456 Sic
1357 2431 1458 2456 iterum
1470 2430 1498 2455 in
1510 2439 1602 2463 epum.
1617 2431 1688 2456 Nov.
1703 2430 1763 2461 (sed
1775 2431 1804 2455 in
1816 2431 1882 2456 disc.
1897 2439 1960 2456 cum
1972 2431 2078 2457 decano
2090 2440 2110 2456 s.
2124 2431 2239 2457 Martini
2250 2432 2366 2464 Turon.)

1298 2475 1402 2500 electus
1422 2475 1489 2500 1243
1507 2475 1578 2501 Nov.
1598 2475 1632 2500 28
1650 2475 1834 2501 confirmatus
1851 2478 1894 2501 est
1912 2476 1949 2501 ab
1967 2476 2029 2501 Iun.
2049 2476 2089 2502 IV
2108 2477 2144 2508 (a.
2165 2477 2177 2502 1
2197 2485 2240 2510 ep.
2259 2477 2312 2502 254
2329 2476 2364 2502 cf.

1299 2520 1350 2546 262
1375 2522 1404 2545 et
1427 2520 1460 2546 37
1485 2519 1527 2545 ed.
1556 2519 1652 2552 Berqer
1676 2520 1736 2549 255,
1762 2520 1822 2550 263,
1848 2521 1903 2551 37).

1369 2564 1391 2596 ²)
1411 2564 1453 2589 El.
1478 2564 1517 2595 (in
1540 2564 1606 2589 disc.
1630 2573 1694 2589 cum
1719 2573 1789 2597 mag.
1815 2565 1936 2590 Fulcone
1958 2565 1993 2590 de
2016 2565 2133 2590 Loduno
2154 2573 2268 2591 concan.
2292 2566 2365 2598 suo),

1298 2617 1375 2643 prov.
1392 2609 1473 2640 (1272
1486 2609 1552 2634 Dec.
1568 2609 1611 2639 23,
1625 2609 1673 2634 cfr.
1691 2609 1813 2634 Pocthast
1826 2618 1865 2634 nr.
1882 2610 1991 2641 20652),
2005 2609 2063 2642 jam
2077 2618 2151 2635 cons.
2167 2609 2203 2635 ab
2216 2610 2277 2643 ipso
2291 2610 2318 2636 S.
2333 2610 2364 2636 P.

1368 2653 1390 2685 ³)
1411 2653 1602 2679 Renuntiante
1623 2654 1699 2687 prius
1721 2662 1792 2687 mag.
1815 2653 1939 2679 Radulfo
1959 2654 1994 2679 de
2015 2654 2162 2679 Haricuria
2182 2654 2271 2680 adiao.
2294 2654 2366 2688 Augi

1298 2699 1327 2724 in
1344 2698 1408 2723 eccl.
1429 2698 1596 2731 Rothomag.
1616 2700 1645 2723 et
1663 2706 1723 2723 can.
1744 2698 1886 2729 Parisien,
1905 2707 1922 2724 a
1942 2698 1968 2724 S.
1989 2699 2018 2724 P.
2039 2707 2116 2732 prov.
2138 2699 2204 2724 1301
2216 2699 2302 2725 3111111
2317 2699 2365 2730 21;

1298 2743 1346 2768 cfr.
1367 2743 1437 2768 Bon.
1458 2742 1529 2768 VIII
1548 2751 1573 2768 a.
1594 2743 1609 2769 7
1630 2744 1661 2774 (t.
1683 2743 1728 2774 50)
1749 2751 1791 2776 ep.
1815 2744 1872 2768 148.

1369 2787 1390 2819 ⁴)
1411 2787 1508 2813 Frater
1525 2788 1643 2813 Joannis
1659 2787 1733 2812 card.
1752 2796 1786 2813 ss.
1805 2788 1889 2813 Marc.
1907 2790 1937 2813 et
1953 2788 2038 2818 Petri,
2055 2787 2145 2813 abbas
2161 2796 2235 2813 mon.
2254 2787 2363 2814 Lisken.

1300 2832 1332 2858 O.
1354 2832 1461 2857 Praem.
1482 2832 1569 2857 dioec.
1589 2832 1724 2857 Morinen.

1369 2876 1391 2908 ⁵)
1412 2876 1450 2902 Et
1460 2879 1569 2902 renunt.
1584 2876 1714 2901 Guilelmi
1725 2876 1760 2901 de
1771 2885 1791 2901 s.
1804 2876 1902 2902 Maura
1913 2876 2011 2902 decani
2022 2876 2161 2902 Turonen.
2173 2885 2190 2902 a
2203 2876 2229 2902 S.
2242 2877 2272 2902 P.
2286 2885 2362 2910 prov.

1372 2920 1394 2952 ⁶)
1414 2921 1468 2947 Cfr.
1490 2924 1510 2946 t.
1534 2922 1584 2946 116
1602 2921 1621 2946 f.
1644 2921 1702 2946 190.
