2482 3178
327 119 560 156 Cardinales
583 123 807 166 presbyteri
829 125 887 158 tit.
912 134 941 159 s.
965 125 1171 160 Laurentii
1192 127 1234 160 in
1257 127 1380 167 Dam„
1405 136 1434 161 s.
1459 126 1664 161 Laurentii
1686 127 1726 160 in
1750 128 1856 170 Luc,
1881 136 1909 161 s.
1934 126 2111 161 Marcelli
2290 130 2331 159 43

102 221 288 254 Franciscus
307 223 409 254 Ronci
429 223 465 255 O.
485 224 567 255 Coel.
589 225 710 264 (XVII,
732 228 792 266 12),
812 238 912 268 prom.
936 229 1011 258 1294
1033 229 1119 269 Sept.
1142 231 1188 266 18,
1208 230 1288 260 obiit
1308 231 1385 260 1294
1405 230 1475 261 Oct.
1498 231 1544 260 13.

101 276 252 308 Nicolaus
270 276 309 307 de
329 276 523 307 Nonancour
543 278 663 317 (XVII,
684 279 725 318 7),
747 281 796 311 tit.
817 292 841 311 s.
862 281 1010 317 Marcelli,
1032 282 1140 313 transl.
1161 294 1188 313 a.
1212 285 1299 320 1295,
1320 283 1399 314 obiit
1421 284 1497 314 1299
1520 283 1606 324 Sept.
1627 283 1703 321 232)

101 329 197 371 Hugo
215 330 342 371 Rogerii
362 330 398 361 O.
421 330 451 361 S.
473 330 520 367 B.,
540 331 577 362 el.
599 332 753 363 Tutellen.
774 334 916 372 (XXIII,
937 336 979 373 6),
1000 346 1098 375 prom.
1122 337 1198 366 1342
1220 336 1306 377 Sept.
1326 337 1375 373 20,
1395 336 1475 367 obiit
1496 338 1572 366 1363
1593 336 1662 367 Oct.
1683 337 1731 366 21.

101 383 215 414 Petrus
231 383 271 415 de
289 383 418 414 Banaco
437 384 472 415 O.
495 384 524 414 S.
545 385 593 422 B„
611 396 660 426 ep.
679 386 820 418 Castren.
840 388 958 426 (XXV,
980 390 1039 427 11),
1060 400 1158 429 prom.
1181 390 1256 419 1368
1277 389 1362 430 Sept.
1382 391 1431 426 22,
1450 389 1530 420 obiit
1550 391 1626 419 1369
1645 389 1715 420 Oct.
1735 389 1763 420 7.

100 436 215 468 Petrus
234 437 392 474 Cominus,
413 448 462 478 ep.
484 438 657 469 Florentin.
680 440 797 477 (XXV,
821 442 881 479 14),
903 452 1002 481 prom.
1027 442 1104 472 1370
1126 443 1213 473 Junii
1234 442 1262 479 7,
1284 443 1335 473 trs.
1358 442 1398 473 ad
1419 443 1569 474 Portuen.
1593 443 1680 473 1374.

101 490 244 522 Barthol.
265 490 304 521 de
323 491 469 521 Cucurno
489 491 525 522 O.
546 491 634 529 Min.,
655 503 723 533 aep.
747 494 883 525 Januen.
905 495 1059 533 (XXVII,
1080 497 1142 534 28),
1163 506 1262 536 prom.
1283 507 1309 526 0.
1333 497 1406 526 1381
1431 496 1506 527 Dec.
1531 496 1606 534 21³),
1627 496 1707 526 obiit
1728 497 1805 526 1386
1825 507 1866 526 m.
1887 496 1963 527 Dec.

100 543 239 585 Angelus
261 544 448 581 Acciaiolus,
471 556 519 586 ep.
544 545 716 577 Florentin.
741 547 895 586 (XXVII,
918 549 980 586 36),
1004 559 1103 588 prom.
1127 560 1154 579 a.
1180 550 1257 580 1384
1279 549 1355 580 Dec.
1380 549 1427 586 17,
1451 549 1503 580 trf.
1527 549 1567 580 ad
1590 549 1710 580 Ostien.
1736 549 1822 580 1397.

101 597 264 637 Jordanus
282 597 321 628 de
341 598 473 635 Ursinis,
493 599 544 629 tit.
564 609 588 629 s.
608 599 737 630 Martini
758 601 898 639 (XXIX,
918 602 960 640 4),
981 602 1089 632 transl.
1112 602 1199 638 1409,
1219 602 1271 633 trf.
1292 602 1333 633 ad
1352 602 1506 633 Albanen.
1530 604 1606 633 1412
1628 602 1714 643 Sept.
1734 603 1782 633 23.

101 651 243 683 Joannes
262 651 428 688 MurilliuS,
450 652 551 683 abbas
570 663 655 683 mon.
678 653 882 695 Montisarag.
906 655 1046 693 (XXXI,
1071 656 1130 694 12),
1153 666 1252 696 prom.
1277 656 1354 686 1408
1374 667 1416 686 m.
1442 656 1539 696 Sept,
1561 655 1641 686 obiit
1662 666 1689 686 a.
1714 656 1800 686 1420.

845 733 882 771 1»-
901 744 931 774 S.
964 744 1213 775 Laurentii
1245 745 1289 774 in
1322 745 1534 776 Lucina&

98 810 245 842 Cinthius
264 812 347 852 (pag.
368 812 386 841 2
405 815 471 842 not.
495 813 507 841 1
529 823 575 842 nr.
595 813 636 851 8),
658 824 758 853 prom.
779 825 806 844 a.
830 815 916 850 1191,
936 815 988 845 trf.
1009 815 1049 845 ad
1069 816 1218 846 Portuen.
1241 815 1328 846 1217.

101 863 283 911 Sinibaldus
302 864 423 896 Fliscus
443 865 518 904 (III,
539 867 703 913 4),¹prom.
726 867 802 897 1227
822 879 864 898 m.
888 868 986 908 Sept,
1007 868 1103 899 exalt.
1125 869 1155 899 in
1178 868 1207 899 S.
1229 869 1263 899 P.
1286 869 1370 908 (Inn.
1392 868 1460 907 IV).

100 918 242 950 Joannes
259 918 299 949 de
318 918 430 949 Toleto
450 918 486 950 Ο.
507 919 582 949 Cist.
604 919 654 958 (V,
675 921 716 958 6),
737 931 836 961 prom.
860 922 937 951 1244
955 922 1029 953 Maii
1050 923 1098 959 28,
1119 922 1171 952 trs.
1192 922 1233 952 ad
1252 922 1402 953 Portuen.
1426 923 1513 953 1262.

99 971 205 1003 Guido
223 971 324 1003 abbas
342 972 483 1003 Cistercii
503 972 590 1011 (VII,
612 974 672 1011 11),
693 984 792 1014 prom.
816 976 892 1004 1262
912 986 952 1005 m.
973 975 1067 1010 Maio,
1087 975 1167 1006 obiit
1188 975 1264 1005 1272
1284 976 1358 1006 Maii
1378 977 1426 1005 20.

97 1024 193 1067 Hugo
211 1026 346 1056 Atratus
362 1025 402 1056 de
420 1025 581 1056 Evesham
600 1026 702 1065 (XIV,
721 1028 763 1066 2),
783 1039 882 1068 prom.
905 1030 991 1065 1281,
1010 1028 1089 1059 obiit
1110 1030 1186 1059 1285
1212 1028 1299 1069 Sept.
1323 1030 1351 1059 4.

97 1078 298 1110 Annibaldus
318 1079 461 1110 Caietani
482 1079 521 1110 de
542 1080 683 1111 Ceccano
705 1081 811 1119 (XXI,
836 1083 895 1119 18),
918 1093 1017 1122 prom.
1042 1082 1118 1112 1327
1140 1082 1215 1112 Dec.
1240 1083 1286 1118 18,
1308 1082 1360 1112 trf.
1383 1081 1424 1112 ad
1445 1081 1570 1112 Tuscul.
1595 1083 1681 1112 1333.

99 1132 275 1164 Guilelmus
294 1133 442 1174 Bragose,
463 1132 543 1164 diac.
564 1145 587 1164 s.
610 1133 735 1174 Georgii
756 1135 892 1173 (XXIV,
915 1135 1002 1174 14)²),
1022 1135 1131 1166 transl.
1155 1136 1231 1165 1362
1250 1135 1325 1166 Ι)00.
1347 1137 1374 1172 6,
1395 1135 1474 1166 obiit
1496 1135 1571 1165 1367
1592 1136 1674 1166 Nov.
1694 1137 1712 1166 8
1735 1135 1774 1166 al.
1801 1137 1847 1165 11.

99 1185 282 1227 Stephanus
299 1186 433 1223 Alberti,
453 1187 533 1218 diac.
553 1198 577 1218 s.
597 1187 715 1219 Mariae
734 1188 764 1218 in
786 1188 878 1229 Aqu.,
899 1188 949 1219 trl.
972 1190 1049 1219 1368
1070 1189 1156 1230 Sept.
1177 1190 1225 1225 22,
1245 1188 1325 1219 obiit
1346 1190 1422 1219 1369
1444 1188 1530 1229 Sept.
1551 1190 1599 1219 29.

98 1239 240 1272 Joannes
257 1240 297 1271 de
316 1240 423 1277 Turre,
443 1240 544 1271 abbas
562 1252 646 1271 mon.
667 1241 840 1272 Floriacen.
861 1242 897 1272 O.
920 1242 949 1272 S.
971 1242 1006 1272 B.
1028 1242 1163 1280 (XXVI,
1183 1243 1225 1280 8),
1246 1253 1344 1283 prom.
1368 1242 1441 1273 1371
1462 1242 1537 1272 Maii
1556 1243 1604 1278 30,
1624 1242 1704 1272 obiit
1724 1242 1801 1272 1374
1820 1242 1895 1282 Apr.
1918 1243 1963 1272 15.

96 1293 211 1325 Petrus
228 1293 268 1325 de
289 1293 472 1331 Sortenaco,
493 1306 542 1335 ep.
562 1295 722 1326 Vivarien.
744 1295 880 1334 (XXVI,
903 1297 963 1334 19),
984 1306 1083 1336 prom.
1107 1296 1183 1326 1375
1202 1295 1278 1326 Dec.
1298 1296 1347 1332 20,
1368 1295 1420 1326 trf.
1442 1295 1481 1325 ad
1504 1295 1651 1326 Sabinen.
1675 1296 1761 1325 1384.

95 1346 253 1378 Martinus
271 1347 310 1379 de
331 1347 437 1384 Salva,
457 1359 505 1389 ep.
526 1348 704 1389 Pampilon.
725 1349 847 1387 (XXX,
867 1350 929 1387 30),
950 1360 1050 1389 prom.
1073 1350 1150 1379 1390
1170 1348 1234 1379 Jul.
1255 1350 1303 1385 21,
1323 1348 1403 1379 obiit
1424 1349 1500 1378 1403
1521 1348 1590 1379 Oct.
1611 1348 1659 1379 27.

95 1400 199 1432 Lucas
217 1401 393 1432 Manzolius
413 1401 449 1432 O.
471 1402 581 1438 Hum.,
602 1412 650 1442 ep.
673 1402 818 1432 Fesulan.
840 1402 999 1441 (XXXII,
1022 1404 1082 1440 11),
1104 1413 1203 1443 prom.
1228 1403 1304 1432 1408
1326 1402 1412 1443 Sept.
1436 1403 1483 1438 19,
1504 1401 1584 1432 obiit
1605 1403 1679 1431 1411
1705 1401 1791 1442 Sept.
1815 1402 1861 1432 14.

98 1454 206 1486 Simon
223 1454 263 1486 de
280 1455 468 1492 Cremaudo,
487 1466 556 1496 aep.
575 1455 708 1486 Remen.
728 1456 898 1494 (XXXIV,
920 1457 979 1494 16),
999 1467 1098 1496 prom.
1121 1457 1197 1485 1413
1216 1456 1290 1496 Apr.
1313 1457 1359 1492 13,
1378 1455 1458 1486 obiit
1475 1466 1503 1486 a.
1525 1456 1601 1485 1422
1624 1455 1699 1486 Dec.
1726 1454 1800 1494 155³)

97 1508 239 1540 Joannes
258 1508 297 1540 de
318 1509 543 1550 Ruppescissa,
564 1520 633 1549 aep.
656 1508 848 1549 Rothomag.
872 1509 1024 1548 (XXXV,
1050 1511 1087 1548 l),
1110 1520 1209 1549 prom.
1234 1510 1310 1538 1426
1331 1509 1405 1539 Maii
1427 1510 1475 1545 24,
1497 1508 1577 1539 obiit
1599 1508 1675 1539 1437
1696 1508 1790 1539 Mart.
1813 1509 1861 1538 24.

1010 1577 1025 1620 y>
1070 1599 1100 1630 S.
1133 1598 1361 1629 Marcelli.

96 1669 266 1707 Gerardus,
287 1670 368 1701 diac.
390 1681 413 1700 s.
436 1670 558 1701 Nicolai
580 1670 619 1709 (I,
640 1671 707 1709 22),
729 1670 839 1701 transl.
863 1671 950 1706 1199,
971 1669 1052 1700 obiit
1071 1680 1097 1699 c.
1122 1669 1236 1708 1200.¹)

94 1722 218 1760 Petrus,
237 1723 318 1755 diac.
339 1735 362 1754 s.
382 1724 501 1755 Mariae
520 1725 551 1755 in
570 1725 622 1755 via
641 1724 707 1754 lata
727 1726 810 1764 (pag.
831 1725 848 1754 3
867 1728 933 1754 not.
956 1725 968 1753 1
990 1734 1036 1753 nr.
1056 1724 1119 1761 26),
1138 1722 1248 1753 transl.
1270 1723 1357 1759 1201,
1378 1722 1458 1752 obiit
1476 1732 1501 1752 c.
1524 1723 1610 1752 1214.

93 1776 245 1808 Nicolaus
263 1777 303 1809 de
322 1789 403 1808 com.
427 1777 552 1818 Signiae
572 1777 612 1808 al.
633 1778 797 1818 Anagniae
818 1777 893 1817 (ΙΙΙ,
914 1779 956 1816 8),
978 1788 1078 1817 prom.
1102 1777 1179 1806 1228
1198 1787 1240 1806 m.
1261 1776 1349 1812 Deo,
1370 1775 1450 1806 obiit
1472 1776 1559 1805 1239.

94 1830 208 1862 Petrus
226 1831 265 1862 de
284 1831 385 1862 Barro
404 1831 440 1862 O.
462 1832 537 1862 Cist.
559 1831 609 1870 (V,
630 1832 672 1869 4),
693 1842 792 1871 prom.
816 1832 893 1861 1244
912 1842 953 1861 m.
977 1830 1075 1871 Sept,
1096 1830 1148 1860 trf.
1169 1829 1209 1860 ad
1231 1829 1338 1860 Sabin.
1362 1828 1477 1867 12522)

93 1884 243 1916 Nicolaus
262 1885 301 1916 de
321 1886 525 1922 Nonancour,
546 1884 674 1916 cancell.
696 1885 846 1916 Parisien.
868 1884 989 1923 (XVII,
1010 1884 1052 1922 7),
1074 1894 1173 1924 prom.
1197 1884 1273 1912 1294
1296 1882 1382 1923 Sept.
1406 1883 1452 1919 18,
1474 1881 1526 1912 trf.
1548 1881 1588 1911 ad
1608 1892 1631 1912 s.
1652 1881 1746 1912 Laur.
1767 1882 1798 1912 in
1819 1881 1912 1911 Dam.
1936 1881 2023 1910 1295.

92 1938 252 1969 Arnaldus
271 1939 310 1970 de
330 1939 521 1980 Cantalupo,
542 1939 579 1969 el.
602 1938 770 1979 Burdegal.
793 1938 882 1977 (XX,
903 1939 945 1976 3),
967 1949 1066 1978 prom.
1091 1938 1168 1966 1305
1188 1937 1263 1967 Dec.
1288 1937 1334 1972 15,
1355 1935 1435 1966 obiit
1457 1936 1534 1965 1313
1553 1935 1629 1965 Deo.
1654 1936 1700 1965 14.

91 1991 289 2024 Bertrandus
308 1993 348 2024 de
368 1994 471 2033 Poyet
491 1992 598 2032 (XXI,
619 1993 661 2030 4),
683 2003 782 2033 prom.
807 1993 883 2022 1316
903 1992 979 2022 Dec.
1003 1992 1049 2027 18,
1070 1990 1122 2021 trf.
1144 1990 1185 2020 ad
1206 1990 1325 2021 Ostien.
1349 1989 1426 2019 1327
1450 1989 1525 2019 Deo.
1553 1990 1598 2019 18.

89 2045 271 2077 Androinus
291 2047 330 2078 de
350 2047 472 2083 Rocha,
493 2047 594 2077 abbas
614 2046 794 2077 Cluniacen.
817 2045 953 2084 (XXIV,
977 2046 1037 2083 12),
1060 2055 1158 2084 prom.
1183 2045 1253 2073 1361
1282 2043 1368 2083 Sept.
1392 2043 1439 2079 17,
1460 2042 1540 2072 obiit
1562 2043 1638 2072 1369
1660 2041 1730 2072 Oct.
1751 2042 1799 2071 29.

90 2099 232 2132 Joannes
250 2100 356 2138 Fabri,
376 2112 424 2142 ep.
445 2100 601 2131 Tutellen.
621 2100 758 2138 (XXVI,
778 2099 820 2137 7),
840 2110 940 2139 prom.
963 2098 1034 2128 1371
1058 2098 1132 2128 Maii
1151 2098 1200 2133 30,
1219 2096 1299 2127 obiit
1319 2096 1396 2126 1372
1415 2096 1509 2126 Mart.
1529 2096 1556 2125 6.

88 2152 286 2185 Bertrandus
305 2155 344 2186 de
363 2155 515 2191 Cosnaeo,
536 2165 583 2194 ep.
605 2153 782 2184 Convenar.
803 2152 939 2191 (XXVI,
960 2153 1002 2190 3),
1024 2162 1123 2192 prom.
1146 2151 1218 2180 1371
1243 2150 1317 2180 Maii
1336 2150 1385 2186 30,
1405 2159 1506 2189 recep.
1527 2149 1577 2179 tit.
1600 2148 1688 2184 1372,
1707 2147 1787 2178 obiit
1808 2147 1886 2177 1374
1907 2147 1995 2178 Junii
2017 2146 2063 2177 17.

91 2206 234 2239 Joannes
252 2209 291 2240 de
313 2209 463 2249 Grangia,
483 2219 532 2249 ep.
553 2207 702 2238 Ambian.
723 2206 860 2245 (XXVI,
883 2207 943 2244 18),
965 2216 1064 2246 prom.
1088 2204 1165 2235 1375
1184 2204 1260 2234 Dec.
1281 2203 1330 2239 20,
1350 2204 1403 2233 trf.
1425 2202 1465 2233 ad
1485 2201 1611 2232 Tuscul.
1633 2202 1721 2231 1394.

424 2307 449 2333 S.
474 2306 613 2333 Laurentii
637 2306 665 2331 in
689 2305 818 2331 Damaso.

160 2352 181 2383 ²)
202 2352 253 2377 Die
274 2352 307 2377 25
328 2352 384 2377 Jul.
409 2351 474 2377 1317
497 2349 634 2375 Arnaldus
655 2349 698 2374 tit.
721 2358 740 2373 s.
764 2349 872 2373 Priscae
892 2347 1005 2372 titulum
1027 2354 1047 2370 S.
1070 2346 1150 2370 Laur.
1211 2344 1212 2372 J

89 2396 117 2421 in
138 2397 216 2421 Dam.
238 2397 267 2421 in
286 2395 479 2421 commendam
499 2394 606 2419 obtinet
628 2394 735 2422 (Monac
755 2394 844 2423 4501).

160 2442 181 2472 ³)
204 2441 361 2467 Secundum
377 2440 517 2471 Cristcsorz'
533 2439 653 2464 Thomas
669 2438 702 2463 de
719 2438 864 2470 Frignano,
881 2436 923 2461 cui
943 2436 1008 2462 1378
1027 2436 1101 2467 Sept.
1122 2435 1152 2459 18
1211 2420 1212 2453 l

89 2486 188 2511 titulus
206 2494 240 2511 ss.
262 2486 341 2511 Nerei
361 2488 389 2510 et
409 2484 474 2510 Aeh.
496 2487 537 2508 est
556 2483 682 2512 collatus,
703 2491 726 2507 a.
750 2483 816 2508 1378
838 2480 1016 2513 SeptjDec.
1038 2479 1152 2504 titulum
1211 2481 1212 2503 i

89 2538 109 2555 s.
131 2530 211 2556 Laur.
232 2531 261 2555 in
281 2530 361 2555 Dam.
383 2529 513 2554 obtinuit.

441 2575 465 2600 S.
485 2573 624 2599 Laurentii
643 2573 672 2598 in
691 2572 802 2598 Lucina.

161 2619 181 2650 ¹)
206 2619 282 2650 Quae
298 2619 361 2644 eccl.
379 2618 422 2643 die
438 2619 471 2643 28
489 2617 544 2642 Jul.
565 2617 639 2646 1301,
657 2619 723 2641 tunc
739 2614 885 2640 cardinalis
901 2613 1031 2646 regimine
1047 2620 1150 2641 carens,

90 2663 193 2689 Joanni
214 2664 355 2697 quondam
377 2662 507 2688 Landulfi
528 2661 562 2686 de
583 2661 717 2686 Columna
737 2660 804 2684 civis
828 2659 917 2684 Rom..
939 2658 1072 2682 canonico
1095 2657 1142 2681 bas

90 2709 173 2741 prino.
192 2711 280 2741 apost.
299 2708 333 2734 de
350 2707 433 2737 Urbe,
451 2706 637 2731 committitur
654 2714 670 2730 a
687 2705 755 2729 Bon.
774 2704 843 2728 VIII
862 2703 940 2735 (Reg.
960 2702 1022 2727 Vat.
1042 2704 1061 2726 t.
1081 2702 1114 2726 50
1131 2701 1149 2725 f.
1210 2703 1211 2730 ζ

1210 2740 1211 2780 ᾗ
1264 2743 1324 2768 Inn.
1340 2743 1403 2771 III.,
1418 2742 1465 2767 sed
1480 2742 1554 2766 nulla
1568 2742 1627 2774 ejus
1642 2744 1704 2774 post
1718 2749 1741 2765 a.
1760 2741 1826 2767 1197
1841 2743 1934 2765 exstat
1947 2739 2121 2772 subscriptio.
2151 2739 2174 2764 A
2189 2740 2325 2773 plerisque

89 2753 121 2779 57
142 2761 183 2786 ep.
206 2753 256 2778 213
277 2753 318 2778 ed.
341 2752 444 2784 Diqard
464 2759 502 2776 nr.
525 2751 613 2781 4146).
655 2749 707 2774 Cfr.
731 2757 791 2781 pig.
817 2749 844 2772 11
869 2750 924 2772 not.
948 2748 972 2772 8.

159 2797 180 2828 ²)
201 2797 380 2822 Desideratur
395 2795 468 2829 apud
484 2794 632 2826 Cristojori,
649 2794 695 2826 qui
711 2793 746 2818 ad
761 2802 783 2817 a.
803 2792 976 2817 140341406
990 2790 1151 2816 Micliaelom
1210 2797 1211 2812 1

88 2841 122 2867 de
139 2842 224 2867 Zalba
240 2842 347 2873 (Salva)
366 2842 437 2866 inter
455 2840 542 2873 presb.
561 2839 604 2864 tit.
623 2847 643 2863 s.
663 2838 742 2862 Laur.
762 2838 791 2862 in
808 2837 871 2861 Luc.
891 2838 1025 2864 remensem
1044 2834 1091 2859 scd
1109 2834 1151 2858 1110

88 2887 196 2911 nonnisi
216 2886 285 2911 diac.
307 2895 326 2911 s.
351 2885 459 2918 Georgii
479 2888 546 2909 erat.

158 2932 179 2962 ³)
201 2931 345 2956 Eximinus
379 2930 465 2958 Dahe,
503 2928 548 2961 qui
582 2928 615 2952 22
647 2927 712 2952 Maii
747 2926 813 2950 1423
845 2933 861 2949 a
896 2925 977 2948 Petro
1008 2923 1041 2948 de
1076 2923 1151 2947 Luna
1210 2955 1211 2958 Ἴ

1211 2297 1212 2341 ἐ
1266 2299 1419 2332 (quondam
1444 2299 1509 2324 Ben.
1526 2298 1611 2329 XIII)
1636 2298 1663 2323 in
1685 2297 1772 2330 presb.
1796 2298 1838 2322 tit.
1859 2306 1878 2322 s.
1896 2297 1976 2321 Laur.
1993 2297 2021 2321 in
2036 2296 2100 2321 Luc.
2118 2298 2261 2329 promotus
2275 2301 2326 2330 est,

1266 2345 1292 2369 in
1314 2345 1380 2369 serie
1402 2344 1461 2376 ipsa
1481 2352 1535 2368 non
1554 2342 1727 2375 reponendus
1746 2350 1804 2367 esse
1823 2342 1940 2366 videtur.
1964 2340 2016 2366 Cfr.
2042 2349 2103 2374 pag.
2126 2341 2161 2366 30
2181 2344 2239 2367 not.
2263 2343 2287 2368 9.

1708 2388 1732 2413 S.
1753 2387 1883 2413 Marcelli.

1336 2433 1356 2463 ¹)
1378 2432 1556 2457 Desideratur
1574 2431 1656 2464 apud.
1679 2431 1826 2462 Cristosori,
1847 2430 1895 2455 sed
1915 2429 1950 2454 ad
1970 2438 1993 2454 a.
2017 2430 2189 2455 1366—1383
2211 2431 2325 2462 quidam

1266 2478 1363 2502 Petrus
1399 2476 1583 2509 Tornaquinci
1620 2476 1692 2500 inter
1730 2475 1817 2508 presb.
1857 2475 1900 2500 tit.
1949 2483 1968 2499 s.
2007 2473 2127 2499 Marcelli
2168 2478 2324 2501 recensetur

1266 2521 1347 2547 modo
1366 2524 1459 2546 tamen
1477 2520 1561 2545 dubio
1579 2520 1637 2550 (cfr.
1658 2528 1718 2552 pag.
1738 2520 1772 2544 20
1790 2522 1846 2544 not.
1867 2520 1902 2550 5).
1940 2518 2098 2543 Secundum
2117 2518 2238 2544 Pottlmc
2258 2521 2324 2545 1222

1210 2558 1211 2561 ¹
1265 2566 1328 2599 Apr.
1350 2566 1365 2591 3
1393 2565 1554 2598 subscripsit
1575 2564 1630 2589 Leo
1652 2564 1706 2594 (tit.
1731 2572 1750 2588 s.
1774 2563 1866 2589 Crucis
1877 2564 1898 2594 ?)
1922 2566 1952 2588 ut
1976 2562 2062 2595 presb.
2085 2562 2128 2587 tit.
2151 2571 2171 2587 s.
2194 2563 2323 2590 Marcelli.

1210 2593 1211 2644 i
1265 2610 1383 2635 Difficile
1414 2612 1455 2634 est
1485 2609 1570 2638 dictu,
1603 2608 1737 2641 quamdiu
1769 2607 1922 2633 Adelardus
1958 2615 2000 2640 ep.
2034 2607 2168 2632 Veronen.
2201 2609 2274 2641 (pag.
2308 2610 2323 2634 3

1210 2645 1211 2689 Ξ
1264 2658 1320 2679 not.
1342 2655 1351 2679 1
1372 2662 1410 2679 nr.
1430 2655 1464 2684 6),
1483 2654 1530 2686 qui
1549 2654 1615 2678 1184
1631 2653 1659 2677 in
1675 2653 1718 2677 tit.
1737 2661 1757 2677 s.
1776 2652 1895 2677 Marcelli
1913 2651 2001 2684 presb.
2019 2651 2092 2676 card.
2112 2655 2257 2684 promotus
2274 2656 2325 2682 est,

1264 2699 1335 2723 hunc
1350 2699 1392 2723 tit.
1409 2698 1571 2727 obtinuerit3
1588 2697 1676 2722 adhuc
1692 2706 1715 2721 a.
1733 2697 1799 2721 1202
1814 2696 1847 2721 (10
1861 2704 1892 2721 00
1906 2704 1995 2721 sermo
2009 2698 2050 2720 est
2065 2695 2093 2720 in
2107 2695 2229 2728 quadam
2244 2697 2324 2730 epist.

1264 2790 1419 2812 recensetur
1462 2787 1558 2811 Petrus
1598 2786 1632 2810 de
1664 2785 1765 2817 Aquila
1802 2784 1906 2816 (XVII,
1944 2785 1979 2815 5),
2017 2784 2064 2816 qui
2098 2784 2141 2808 tit.
2176 2793 2196 2809 s.
2231 2785 2323 2810 Crucis

1264 2832 1373 2864 recepit,
1395 2832 1466 2855 inter
1485 2830 1557 2855 card.
1579 2830 1621 2854 tit.
1643 2838 1662 2854 s.
1684 2829 1812 2854 Marcelli.

1334 2876 1354 2906 2)
1377 2876 1426 2900 1)10
1452 2876 1466 2901 7
1490 2875 1566 2899 Junii
1596 2874 1663 2900 1275
1690 2873 1765 2898 illum
1794 2874 1837 2898 tit.
1864 2873 2062 2898 Vicedominus
2083 2881 2124 2905 ep.
2154 2873 2322 2899 Praenestin.

1263 2920 1371 2945 obtinet
1392 2920 1420 2944 in
1441 2927 1540 2943 comm.

2105 2965 2146 2997 6*
