2482 3178
192 145 255 176 312
993 143 1192 182 Lubicen.‚
1216 142 1399 182 Lubren„
1424 142 1629 177 Lubucen.

192 247 242 279 ob.
258 247 348 279 Conr.
365 248 457 287 (1386
471 247 546 278 Maii
561 247 600 278 30
646 247 785 279 Joannes
808 246 1041 286 (Klenedenst),
1065 245 1127 277 obl.
1151 256 1183 276 se

192 354 242 385 ob.
261 354 320 385 Eb.
339 355 431 394 (1399
447 354 542 385 Mart.
560 355 595 384 21

192 301 242 332 ob.
268 301 339 332 Joa.
363 300 454 340 (1387
477 301 557 342 Aug.
581 248 612 339 3)
644 301 841 332 Eberhardus
864 299 915 339 (de
938 299 1142 338 Attendorn),
1166 299 1227 330 obl.
1252 310 1284 330 se
1307 310 1429 340 person.

603 355 611 393 )

603 408 611 445 )

646 354 785 385 Joannes
807 353 859 392 (de
881 353 1070 391 Diilmen)⁵),
1091 352 1153 383 obl.
1177 363 1209 383 se
1232 357 1356 393 person.

192 408 242 439 ob.
269 408 339 439 Joa.
365 408 458 447 (1420
482 408 556 439 Jan.
583 409 595 437 1
646 408 785 438 Joannes
803 406 950 446 (8011616),
969 417 1037 437 can.
1056 406 1218 442 Lubicen.,
1237 405 1285 443 el„
1304 405 1386 436 conf.
1405 416 1423 436 a
1443 405 1473 437 S.
1493 406 1557 445 P.⁷)

1893 246 1971 278 Urb.
1988 246 2033 277 VI
2050 246 2121 278 Obl.
2137 248 2177 278 48
2192 247 2214 279 f.
2231 248 2270 278 38

1892 299 1935 331 ib.
1959 300 1980 331 f.
2005 301 2046 330 60

1894 353 1964 384 Bo.
1988 353 2038 385 IX
2061 353 2131 385 Obl.
2155 355 2195 385 48
2216 354 2244 385 A
2265 354 2287 385 f.
2312 355 2370 385 116

1893 406 1987 438 Mart.
2008 407 2037 438 V
2055 418 2083 438 a.
2104 409 2122 438 3
2141 407 2213 439 Lat.
2234 407 2252 439 l.
2274 418 2320 449 pr.
2341 407 2362 439 f.
2383 409 2422 440 93

1601 247 1678 276 1386
1703 245 1790 287 Sept.
1815 247 1829 276 1

1602 299 1679 330 1387
1702 299 1779 330 Dec.
1806 300 1844 329 10

1602 354 1679 383 1399
1703 352 1792 384 Junii
1816 353 1853 383 14

1602 407 1680 436 1420
1704 406 1798 437 Mart.
1827 407 1864 436 13

444 527 700 568 Lubr(a.c)en.
726 527 766 558 al.
791 525 962 560 Lobren.
989 525 1340 565 (Massalubrense)
1365 525 1399 557 in
1424 525 1519 558 Italia
1543 526 1649 566 infer„
1674 526 1765 558 suffr.
1792 526 1975 578 Surrentin.
2002 527 2101 569 (33¹J3
2124 527 2174 569 ss.)

198 646 606 653 ..........
643 621 789 652 Albertus
812 620 990 660 (Andreas),
1014 630 1082 650 can.
1106 619 1250 659 Later.1),
1274 623 1312 649 tr.
1336 618 1377 649 ad
1399 618 1544 650 Lucerin.
1603 621 1680 650 1221

198 699 606 707 ..........
643 675 752 706 Petrus
775 674 909 704 Donorsi
933 673 1040 712 (Orsi),
1064 673 1152 704 sedet

191 739 246 770 per
268 728 318 759 ob.
342 728 455 767 Petri2)
643 728 827 759 Franciscus

191 786 230 813 tr.
251 782 361 812 Franc.
382 781 423 812 ad
442 781 590 812 Asculan.
642 781 822 812 Novellinus
846 780 881 811 O.
907 780 958 811 Er.
983 791 1006 810 s.
1031 779 1096 819 A.³)

197 860 605 866 ..........
645 835 830 870 Stephanus,
853 834 942 865 sedet

642 888 811 923 malgerius
833 887 872 918 de
897 886 1026 917 Salerno
1049 887 1085 918 Ο.
1110 886 1249 926 P1·aed.⁵)

642 941 759 972 Paulus
781 941 909 971 Zuccari
934 940 969 971 Ο.
994 940 1106 971 Praed.

644 995 783 1026 Joannes
805 994 844 1025 (16
867 993 1003 1034 Potgula
1026 993 1062 1024 O.
1087 993 1139 1024 Er.
1163 1004 1186 1024 s.
1213 994 1249 1024 A.

190 888 240 919 ob.
267 888 446 929 Stephani&

190 945 229 973 tr.
248 942 354 982 Maug.
374 941 415 972 ad
435 942 569 972 Tranen.

190 995 240 1026 01).
263 995 353 1026 Pauli
376 996 416 1034 (a.
439 1006 462 1026 6.
486 996 528 1034 a.)

189 1049 239 1080 ob.
265 1049 399 1079 Joannis
641 1048 761 1083 Petrus,
785 1058 833 1088 ep.
857 1047 1010 1078 Valonen.

189 1102 239 1133 ob.
263 1102 349 1133 Petri
641 1102 799 1132 Antonius
820 1101 859 1131 de
881 1101 1030 1137 Martino,
1055 1100 1157 1141 presb.
1182 1100 1319 1131 Lubren.

189 1156 239 1187 ob.
263 1155 394 1186 Antonii
641 1155 749 1186 cincus
771 1154 930 1191 Portulae,
955 1153 1057 1195 presb.
1081 1153 1247 1206 Lubrenfl)

195 1233 603 1240 ..........
640 1208 816 1239 Ludovieus

1603 674 1679 704 1289
1957 674 2055 706 Gams
2078 676 2137 706 895

1600 738 1625 758 0.
1653 728 1730 757 1296
1894 615 1912 772 }

1602 782 1677 811 1311
1701 780 1771 812 Oct.
1795 781 1832 812 17
1894 780 1956 812 Cle.
1981 781 2009 812 V
2030 792 2058 812 a.
2082 782 2100 812 6
2123 793 2171 823 ep.
2195 781 2254 813 979
2277 781 2383 822 (7417)

1602 835 1679 864 1322
1704 834 1782 865 Julii
1805 835 1843 865 22
1897 834 1996 866 Gams
2018 836 2078 866 895

1602 889 1679 918 1343
1705 888 1780 929 Apr.
1813 889 1832 918 4
1894 888 1956 919 Cle.
1979 888 2024 919 VI
2047 899 2075 920 a.
2100 890 2113 919 1
2139 890 2175 929 (t.
2201 889 2271 929 152)
2293 899 2342 930 ep.
2367 890 2425 921 122

1602 942 1679 971 1348
1700 941 1782 972 Νον.
1807 942 1845 971 10
1894 941 1956 973 Cle.
1980 942 2024 972 VI
2047 953 2075 973 a.
2098 942 2116 973 7
2139 943 2175 982 (t.
2201 943 2271 983 188)
2293 953 2342 984 ep.
2365 943 2404 974 96

1602 996 1676 1025 1351
1701 995 1771 1026 Oct.
1795 996 1831 1026 19
1877 995 1956 1026 'Cle
1980 995 2024 1026 VI
2046 1006 2074 1026 a.
2100 996 2138 1026 10
2159 997 2196 1036 (t.
2218 995 2292 1036 207)
2313 1007 2363 1038 ep.
2385 997 2425 1027 59

1602 1049 1679 1078 1362
1703 1049 1779 1089 Apr.
1804 1050 1823 1079 4
1877 1048 1965 1080 'Inn.
1987 1049 2032 1080 VI
2054 1049 2113 1080 Av.
2135 1053 2159 1080 t.
2180 1050 2220 1080 28
2239 1049 2261 1081 f.
2282 1050 2320 1081 91

1602 1102 1680 1132 1388
1703 1102 1779 1143 Apr.
1807 1103 1843 1132 13
1894 1102 1956 1133 Cle.
1981 1102 2044 1133 VII
2067 1103 2127 1134 Av.
2151 1102 2172 1134 f.
2197 1106 2220 1134 t.
2243 1103 2283 1134 49
2305 1102 2327 1134 f.
2350 1103 2390 1134 32

1602 1156 1680 1185 1388
1703 1155 1790 1196 Sept.
1815 1156 1852 1186 18
1894 1155 1936 1186 11).
1961 1155 1982 1186 f.
2006 1157 2047 1186 40

1600 1219 1625 1239 6.
1645 1209 1733 1246 1401,
1750 1209 1769 1249 †
1786 1210 1865 1239 1434
1897 1209 1996 1240 Gams
2017 1210 2077 1240 895

515 1328 716 1362 Lubucen.
743 1328 901 1366 (Lebus)
926 1329 961 1360 in
986 1328 1172 1369 Germania,
1197 1329 1288 1362 suffr.
1313 1329 1491 1368 Gneznen.,
1517 1330 1634 1369 postea
1659 1329 1912 1370 Magdeburgen.
1939 1330 2017 1367 (300
2042 1331 2089 1370 ss.)

188 1424 406 1465 tr.Cypriani¹)
423 1423 464 1454 ad
480 1423 608 1454 Vratisl.
641 1423 828 1454 Laurentius
843 1422 919 1462 (sed.
938 1423 1025 1460 1209,
1041 1423 1060 1463 †
1076 1424 1153 1453 1233
1168 1423 1261 1454 Mart.
1278 1424 1320 1463 9),
1335 1424 1502 1459 Hemicus,
1517 1423 1555 1454 el.
1602 1424 1679 1454 1233

187 1477 238 1509 ob.
262 1477 359 1508 Henr.
384 1478 489 1516 (1244)

187 1531 238 1562 ob.
264 1530 412 1562 Guilelmi
434 1531 539 1570 (1282)
640 1530 842 1561 wladimirus
866 1529 1061 1569 (Volmirus),
1085 1541 1170 1561 cons.

187 1584 238 1616 ob.
253 1584 313 1615 Wl.
331 1586 373 1625 (p.
392 1585 469 1614 1284
486 1584 559 1615 Jan.
577 1584 607 1622 6)
640 1583 809 1619 conradus,
832 1583 922 1614 sedet

187 1638 238 1669 ob.
253 1638 328 1669 Con.
346 1638 471 1678 (p.1299
488 1637 607 1676 Jul.22)
640 1637 781 1669 «Ioannes
805 1637 880 1676 (sed.
908 1638 995 1674 1300,
1022 1637 1123 1676 1302),
1147 1638 1338 1673 Fredericus,
1362 1637 1452 1668 sedet

641 1690 854 1729 stephanus³)‚
876 1690 1015 1721 decanus
1036 1691 1094 1731 ips.
1118 1690 1203 1728 6061,
1225 1691 1302 1730 614),
1325 1702 1421 1728 cons,
1444 1701 1533 1732 prov.

187 1691 237 1722 ob.
261 1691 418 1722 Frederici

651 1834 780 1860 Lubieen.

256 1878 278 1910 ⁵)
299 1878 332 1903 Ei
350 1878 416 1903 1398
434 1878 510 1911 Sept.
528 1879 544 1902 5
559 1885 689 1902 concessa
704 1880 764 1902 erat
779 1877 898 1902 facultas
914 1878 995 1911 recip.
1013 1886 1115 1903 munus
1130 1887 1249 1904 consecr.

1301 1924 1302 1950 ξ
1350 1923 1430 1955 eujus
1449 1924 1582 1949 memoria
1600 1931 1655 1948 non
1673 1923 1779 1953 existit,
1798 1924 1935 1949 concessit
1953 1923 2031 1949 Alex.
2051 1923 2091 1949 IV
2110 1925 2146 1955 (a.
2165 1924 2182 1950 3
2200 1926 2221 1950 t.
2241 1924 2275 1950 26
2292 1932 2336 1958 ep.
2357 1924 2420 1956 111)

1301 1971 1302 1976 ¹
1352 1968 1419 1995 1257
1438 1968 1517 1994 Febr.
1535 1969 1575 1998 ll,
1594 1967 1670 2001 quod
1688 1967 1739 1993 hoc
1757 1968 1803 2001 jus
1815 1976 1871 1993 non
1884 1968 2020 2001 perderet,
2039 1968 2150 1994 etiamsi
2162 1971 2277 2002 propter
2288 1976 2420 2003 magnam

187 1932 203 1948 a
222 1931 387 1956 quocunque
406 1922 534 1947 antistite
554 1922 626 1953 (Lat.
649 1925 668 1947 t.
690 1922 723 1947 52
742 1922 761 1947 f.
785 1923 854 1954 185).

259 1967 280 1999 ⁶)
300 1967 355 1992 Lic.
375 1967 403 1992 in
419 1967 491 1992 decr.
528 1967 673 1999 Recipitur
690 1967 717 1991 in
735 1966 867 1992 referend.
889 1968 915 1992 S.
935 1967 964 1992 P.
986 1968 1054 1993 1420
1070 1968 1152 1993 Mart.
1174 1969 1204 1994 17
1223 1971 1251 1993 et

187 2012 315 2037 collector
336 2014 425 2045 apost.
449 2012 477 2036 in
499 2012 589 2045 regnis
611 2011 722 2041 Daciae,
746 2011 914 2045 Norwegiae,
939 2012 1058 2037 Sweciae
1080 2013 1252 2038 constitutus

1300 2070 1301 2091 1
1350 2057 1539 2083 habitantium
1553 2058 1581 2083 in
1594 2057 1692 2083 eadem
1706 2066 1762 2083 non
1775 2061 1869 2091 posset
1882 2058 2028 2083 commode
2040 2058 2188 2084 dioecesim
2200 2066 2281 2084 suam
2293 2058 2417 2085 visitare.

186 2057 261 2089 jurat
283 2057 350 2082 1420
370 2057 451 2082 Mart.
474 2057 507 2083 27
528 2056 615 2087 (Cam.
637 2059 657 2081 t.
679 2056 694 2081 3
715 2056 733 2080 f.
755 2057 813 2087 72);
835 2056 850 2088 †
873 2057 948 2082 1439.

633 2110 806 2141 Lubr(ac)en.

257 2154 278 2187 ¹)
299 2154 336 2179 Et
354 2154 513 2187 capellanus
534 2154 656 2185 L(eonis)
677 2154 720 2179 tit.
741 2162 761 2179 s.
783 2154 876 2180 Crucis
896 2155 985 2188 presb.
1006 2155 1080 2180 card.

256 2199 277 2231 ²)
298 2199 436 2224 Ecclesiae
457 2199 495 2224 610
517 2199 629 2224 vacanti
652 2199 796 2232 providere
817 2199 851 2224 de
872 2208 1028 2225 successore
1049 2208 1065 2225 a
1087 2200 1155 2225 Bon.
1180 2201 1249 2226 VIII

187 2245 221 2276 (a.
240 2245 251 2269 l
268 2252 311 2277 ep.
328 2244 361 2269 89
376 2252 431 2269 cur.
448 2243 490 2268 ed.
507 2243 612 2276 Diqard
626 2244 689 2275 784)
707 2244 774 2269 1295
790 2244 869 2270 Junii
886 2245 917 2270 13
933 2245 1023 2270 iussus
1037 2248 1079 2270 est
1095 2245 1251 2271 Lantlulfus

185 2297 205 2314 6.
221 2288 318 2322 Angeli
332 2288 401 2313 diac.
418 2288 492 2313 card.
508 2291 537 2313 et
551 2288 623 2313 sedis
637 2291 727 2321 apost.
743 2288 860 2322 legatus,

255 2333 276 2365 ³)
297 2333 371 2358 Dum
389 2333 416 2358 in
434 2333 547 2358 remotis
564 2333 631 2366 agit,
649 2333 803 2366 capitulum
821 2334 916 2364 Lubn,
934 2334 1004 2359 falso
1021 2334 1121 2359 nuntio
1138 2334 1172 2359 de
1189 2335 1250 2367 ejus

185 2378 263 2403 obitu
283 2381 402 2411 recepto,
424 2379 562 2405 ,Ioannem
581 2386 640 2403 can.
664 2378 812 2403 Gravinen.
833 2379 861 2403 in
880 2378 940 2411 ejus
959 2387 1074 2404 success.
1095 2379 1181 2412 eligit,
1202 2380 1250 2413 qui

185 2422 269 2447 etiam
290 2422 414 2447 confirm.
437 2425 465 2447 et
486 2431 586 2447 munus
607 2431 725 2448 consecr.
748 2423 865 2453 obtinet,
887 2423 935 2448 sed
955 2423 1002 2449 illo
1016 2423 1164 2449 Novellino
1183 2424 1250 2450 vivo

185 2475 294 2492 reverso
312 2467 347 2491 ab
367 2467 430 2492 6001.
451 2466 627 2492 Thermulan.
649 2476 672 2492 a.
696 2468 763 2493 1318
782 2467 950 2493 transfertur
969 2468 1077 2499 (Mollat
1096 2477 1136 2493 nr.
1157 2469 1247 2500 8670).

255 2510 276 2542 ⁴)
297 2511 418 2543 Rejectis
435 2512 560 2539 caesario
578 2512 711 2537 Planulae
728 2521 788 2537 can.
808 2513 923 2546 Neapol.
943 2515 971 2538 et
990 2514 1098 2540 Joanne
1115 2513 1249 2538 Meschini

185 2564 244 2581 can.
265 2555 328 2580 eccl.
349 2564 369 2581 s.
390 2556 497 2581 Nicolai
517 2557 616 2581 Baren.
638 2557 665 2581 in
685 2557 751 2582 disc.
772 2557 804 2582 el.

255 2599 276 2631 ⁵)
296 2599 379 2633 Apud
403 2600 484 2626 Germ-s·
509 2602 670 2626 nominatur
697 2601 829 2635 Georgius
854 2602 987 2635 Magnesi,
1013 2602 1074 2634 ejus
1099 2603 1249 2628 successori

185 2653 335 2678 cognomen
349 2647 391 2670 est
406 2645 596 2675 ‚‚Fiorentini“
611 2647 672 2679 (pro
687 2646 860 2678 ‚‚Zuecari“),
876 2650 904 2672 et
918 2647 966 2680 qui
981 2646 1085 2672 Joanni
1099 2648 1248 2672 successori

184 2689 336 2715 succedunt
360 2698 383 2714 a.
412 2690 488 2719 1362,
517 2691 584 2716 1388
609 2690 674 2724 Apr.
701 2694 730 2716 et
756 2692 842 2724 Sept„
868 2691 1069 2717 desiderantur.

256 2733 278 2765 θ)
298 2733 358 2759 Obl.
374 2742 402 2759 66
418 2735 485 2760 1390
501 2735 579 2760 Junii
594 2736 636 2765 20,
651 2735 742 2761 adhuc
757 2736 789 2761 el.
805 2736 878 2767 (Obl.
895 2739 914 2761 t.
930 2737 964 2761 49
978 2736 996 2761 f.
1013 2737 1067 2767 21).
1097 2736 1163 2762 Jam
1180 2737 1246 2763 1387

184 2778 255 2804 Nov.
281 2779 313 2804 18
336 2778 389 2804 Cle.
414 2779 468 2804 VII
492 2780 577 2805 istum
600 2780 711 2805 Ciccum
734 2781 863 2806 ecclesiae
887 2781 1005 2806 Lubren.
1031 2789 1079 2814 per
1102 2781 1145 2806 01).
1172 2781 1247 2806 Petri

184 2831 243 2848 vac.
264 2823 375 2856 praefici
394 2823 514 2856 jusserat
534 2824 596 2856 (Av.
618 2827 638 2849 t.
659 2826 693 2850 50
713 2824 730 2850 f.
752 2825 823 2856 372).

644 2870 783 2896 Lubucen.

253 2911 274 2944 1)
294 2912 347 2938 Cfr.
370 2912 424 2938 litt.
447 2913 508 2938 Inn.
531 2913 576 2938 III
599 2913 651 2945 (6(1.
676 2914 762 2939 Potm.
785 2915 847 2945 695)
872 2915 939 2940 1199
960 2915 1026 2940 Μ611
1046 2916 1062 2940 8
1084 2914 1172 2940 datas.

640 1477 805 1508 Nankerus
828 1476 904 1516 (sed.
931 1477 1008 1507 1248
1032 1476 1102 1508 Oct.
1129 1478 1188 1516 15),
1215 1477 1426 1516 Guilelmus²)‚
1449 1476 1514 1508 sed.

1601 1478 1678 1507 1252
1703 1477 1798 1508 Mart.
1825 1477 1842 1508 7

1600 1531 1678 1561 1282
1701 1530 1778 1562 Dec.
1804 1531 1844 1561 20
1954 1531 2053 1562 Gams
2075 1532 2135 1562 285

1600 1585 1678 1614 1284
1698 1584 1781 1615 Nov.
1805 1585 1842 1615 12

1599 1638 1677 1668 1305
1703 1638 1777 1669 Jan.
1805 1638 1843 1668 10

1599 1692 1676 1722 1326
1698 1691 1768 1722 Oct.
1793 1691 1829 1722 17

1893 1692 1944 1723 Jo.
1960 1691 2063 1723 XXII
2078 1702 2106 1723 a.
2125 1693 2160 1722 11
2177 1692 2214 1732 (t.
2230 1692 2282 1732 82)
2297 1702 2347 1734 ep.
2362 1692 2423 1723 406

1422 1833 1443 1865 ²)
1464 1833 1497 1859 Ei
1510 1833 1671 1867 exponenti,
1697 1842 1771 1867 epos.
1788 1833 1930 1859 Lubucen.
1945 1834 1973 1859 in
1987 1834 2158 1867 possessione
2174 1834 2420 1869 spiritualisjuris-

1351 1878 1480 1904 dictionis
1494 1887 1576 1912 super
1590 1886 1686 1903 omnes
1700 1878 1816 1904 Latinos
1830 1879 1858 1903 in
1873 1879 1976 1904 Ruscia
1990 1879 2141 1904 existentes
2155 1879 2240 1905 fuisse
2253 1887 2270 1905 a
2284 1882 2420 1914 tempore,

1350 2013 1514 2038 distantiam
1533 2016 1622 2039 terrae
1640 2021 1672 2038 ac
1691 2013 1838 2046 perfidiam
1857 2013 2033 2038 dominorum
2052 2013 2138 2047 ipsius
2156 2021 2264 2039 necnon
2281 2013 2420 2040 malitiam

1350 2102 1504 2128 Vacantem
1519 2111 1568 2136 per
1581 2102 1642 2135 ejus
1657 2102 1766 2128 obitum
1781 2102 1844 2128 6001.
1861 2103 2003 2128 Lubueen.
2021 2102 2083 2128 Gre.
2099 2103 2128 2128 X
2143 2103 2179 2135 (a.
2195 2103 2213 2128 4
2227 2105 2247 2128 t.
2263 2103 2298 2130 37
2312 2111 2356 2137 ep.
2373 2103 2419 2135 14)

1352 2148 1419 2174 1275
1437 2147 1502 2181 Apr.
1523 2148 1538 2174 7
1557 2147 1609 2173 sibi
1622 2148 1781 2172 reservavit·
1800 2150 1910 2173 cassata
1929 2147 2063 2173 electione
2086 2147 2121 2173 de
2147 2155 2266 2181 persona
2291 2148 2420 2176 Guilelmi

1349 2201 1409 2217 can.
1430 2193 1480 2226 ips.
1500 2192 1575 2222 eccl.‚
1595 2192 1623 2217 in
1642 2192 1739 2217 minor.
1759 2195 1858 2222 const„
1878 2201 1894 2217 a
1912 2201 1973 2225 cap.
1993 2192 2078 2222 facta,
2097 2200 2184 2226 quare
2199 2192 2290 2223 Gam,
2309 2200 2336 2226 p.
2355 2193 2418 2223 287,

1350 2237 1441 2262 minus
1451 2240 1525 2262 recte
1536 2237 1640 2267 scribit,
1652 2236 1771 2262 eundem
1783 2245 1806 2262 a.
1822 2237 1889 2262 1282
1900 2237 1973 2262 inter
1983 2245 2091 2262 menses
2101 2236 2171 2271 Aug.
2183 2239 2213 2263 et
2223 2237 2295 2263 NOV.
2307 2237 2417 2263 obiisse.

1419 2291 1440 2322 ³)
1462 2291 1504 2321 Ei,
1532 2290 1612 2323 cujus
1639 2291 1754 2316 ecclesia
1781 2291 1817 2316 ab
1845 2291 1941 2316 incolis
1968 2290 2191 2316 Francovorden.
2220 2290 2349 2317 funditus
2375 2293 2419 2317 est

1348 2335 1451 2365 diruta,
1470 2336 1515 2362 ι10.
1534 2335 1623 2361 XXII
1642 2336 1677 2367 (a.
1699 2336 1728 2360 11
1749 2338 1768 2361 t.
1788 2336 1821 2361 83
1839 2344 1881 2369 ep.
1902 2336 1982 2367 1178)
2002 2337 2013 2361 l
2032 2336 2115 2361 Mart.
2135 2336 2203 2363 1327
2221 2335 2367 2367 concessit,
2384 2336 2430 2362 ut‘
2475 2349 2482 2366 ι,

1348 2380 1383 2405 ad
1406 2380 1491 2405 alium
1514 2380 1605 2406 locum
1627 2383 1726 2413 aptum
1749 2380 1913 2406 transferret
1935 2380 2028 2406 sedem
2050 2381 2132 2414 episc.
2156 2381 2240 2414 (quae
2261 2382 2360 2414 postea
2380 2379 2418 2406 ad

1349 2425 1557 2450 Fiirstenwalde
1585 2425 1816 2456 transferebatur)
1823 2435 1830 2455 ;
1859 2433 1891 2450 eo
1920 2433 2031 2459 quoque
2059 2427 2192 2458 querente
2219 2424 2254 2451 de
2281 2425 2418 2459 episoopis

1348 2470 1446 2495 vicinis
1467 2470 1495 2495 in
1517 2469 1684 2503 quibusdam
1707 2470 1834 2503 partibus
1855 2478 1922 2495 suae
1943 2470 2029 2495 dioec.
2052 2470 2125 2495 circa
2145 2469 2216 2495 fines
2237 2469 2366 2501 Ruscino,
2387 2469 2417 2495 iu

1348 2514 1475 2548 partibus
1504 2515 1616 2540 minoris
1646 2514 1782 2544 Galatiae,
1812 2515 1840 2539 in
1868 2514 1929 2540 loco
1957 2523 1993 2540 sc.
2023 2514 2210 2540 Flandemiria
2237 2513 2416 2546 (Wladimffi,

1347 2559 1568 2591 jurisdictionem
1582 2567 1709 2584 exercere
1724 2559 1982 2592 praetendentibus,
2001 2559 2074 2584 idem
2091 2559 2117 2585 S.
2134 2559 2164 2585 P.
2180 2567 2258 2592 aepo.
2276 2558 2415 2585 Gnesnen.

1348 2603 1445 2629 eodem
1468 2603 1512 2629 die
1535 2604 1582 2635 (ib.
1607 2612 1650 2637 ep.
1677 2604 1756 2635 1177)
1781 2604 1936 2634 mandavit,
1960 2612 1995 2629 ne
2017 2603 2045 2629 id
2068 2604 2251 2637 permitteret.
2274 2618 2311 2622 —-
2331 2602 2416 2637 Apud

1346 2648 1427 2674 G'ams
1450 2649 1501 2674 iste
1526 2648 1693 2682 Stephanus,
1717 2649 1765 2682 qui
1790 2649 1858 2674 1326
1880 2649 1946 2682 Apr.
1970 2649 2005 2674 25
2027 2648 2165 2674 Avinione
2187 2647 2285 2682 qussd.
2308 2647 2415 2682 indulg-

1298 2705 1299 2709 =
1347 2693 1471 2726 largitur,
1488 2693 1546 2726 jam
1562 2693 1598 2718 ad
1614 2702 1638 2718 a.
1658 2694 1726 2719 1320
1742 2693 1911 2719 adscribitur
1925 2695 2011 2726 atque
2027 2693 2100 2719 inter
2114 2701 2178 2718 eum
2193 2695 2222 2718 et
2237 2692 2415 2718 Frederieum
2470 2690 2482 2698 ²

1297 2747 1298 2761 1
1346 2738 1482 2771 praedes„
1504 2738 1583 2770 cujus
1604 2737 1655 2763 ult.
1679 2746 1759 2763 mem.
1782 2741 1825 2763 est
1846 2739 1861 2765 7
1883 2738 1962 2763 Febr.
1988 2738 2064 2768 1311,
2086 2740 2244 2763 recensetur
2264 2736 2416 2768 „Nicotaus

1296 2773 1298 2819 J
1346 2782 1378 2807 61.
1395 2791 1416 2807 0.
1436 2783 1584 2812 1314-16,
1601 2783 1616 2814 †
1632 2782 1771 2807 Avinione
1785 2791 1807 2808 0.
1827 2782 1994 2810 1317-19“.
2025 2782 2134 2808 Revera
2148 2782 2176 2807 in
2190 2782 2244 2807 litt.
2262 2781 2308 2808 Jo.
2324 2780 2414 2807 XXII

1347 2827 1391 2852 die
1407 2828 1438 2852 31
1456 2827 1521 2852 Maii
1540 2827 1608 2852 1320
1623 2827 1698 2852 datis
1713 2827 1748 2852 de
1764 2827 1880 2853 Nicolao
1895 2827 1928 2852 el.
1946 2827 2086 2852 Lubucen.
2108 2829 2137 2852 et
2152 2826 2187 2852 de
2202 2826 2337 2852 citatione
2354 2825 2414 2852 Ste-

1296 2855 1297 2909 3
1348 2871 1432 2904 phani
1454 2880 1504 2905 pro
1525 2880 1584 2905 epo.
1609 2872 1678 2897 Lub.
1701 2880 1730 2897 se
1750 2872 1871 2905 gerentis
1893 2872 1998 2897 mentio
2019 2871 2051 2897 fit
2075 2871 2184 2902 (Mollat
2205 2879 2245 2896 nr.
2270 2870 2376 2902 11538).

1417 2916 1438 2947 ⁴)
1458 2917 1491 2941 In
1515 2916 1580 2941 disc.
1605 2925 1668 2941 cum
1693 2917 1808 2942 Nicolao
1831 2919 1945 2942 cantore
1967 2916 2031 2941 eccl.
2055 2925 2074 2941 6.
2101 2916 2195 2942 Crucis
2217 2915 2412 2941 Vratislavien.
