2482 3178
145 100 208 132 390

144 202 194 234 ob.
218 202 328 233 Frane.
353 203 458 241 (1386)

144 256 194 287 ob.
220 255 302 287 Guil.
327 256 431 295 (1402)
596 254 706 285 Petrus
734 253 878 292 (Grassi),
907 263 955 293 ep.
984 251 1209 290 Cremonen.12)

143 309 194 340 ob.
208 309 398 348 Petri(1426
413 308 499 349 Sept.
513 309 564 347 28)
596 308 780 338 Franciscus
808 305 1042 346 (Piccolpasso)‚
1071 315 1118 345 ep.
1149 305 1270 345 Aquen.
1301 304 1398 343 (Dax)

603 407 641 442 S.
666 407 816 450 Papuli
840 406 967 447 (Saint
991 406 1159 450 Papoul)
1182 407 1216 438 in
1242 406 1357 443 Gallia,
1381 406 1472 438 suffr.
1498 406 1680 439 Tholosan.
1708 407 1810 446 (2500

150 520 558 528 ..........
596 495 773 526 Bernartius
802 493 852 532 (de
881 493 1001 531 Turre),
1030 492 1130 522 abbas
1157 502 1241 522 mon.
1270 502 1294 522 s,
1323 491 1463 532 Papuli2)

597 548 794 579 Raimundus
823 546 874 585 (de
902 545 1111 586 Mostuejols),
1140 556 1188 585 ep.
1218 556 1242 575 s.
1272 544 1382 584 Flori3)

600 601 772 632 Guilelmus
791 600 842 639 (de
862 599 1059 637 Cardaillac),
1079 598 1179 629 abbas
1199 609 1282 629 mon.
1303 609 1327 628 S.
1348 598 1510 638 Victoris4)

597 655 788 686 Bertrandus
811 653 862 692 (de
885 664 908 683 s.
933 652 1095 691 Martiali),
1119 663 1167 692 ep.
1192 651 1346 682 Tutellen.

597 709 706 740 Petrus
734 707 784 746 (dc
811 707 909 745 Oros),
937 706 1037 737 abbas
1064 717 1148 736 mon.
1177 705 1425 744 Tren01·chien.⁵)

597 762 775 793 Bernartius
802 760 853 799 (de
880 760 1073 798 Castelnau),
1101 759 1200 789 abbas
1227 770 1312 789 mon.
1340 770 1364 790 s.
1395 759 1511 798 Salv.⁶)

597 816 706 846 Petrus
734 814 784 853 (de
811 814 909 852 Cros),
936 813 1036 844 abbas
1062 824 1146 843 mon.
1175 812 1426 851 Trenorchien.⁷)

599 868 776 906 Joannesss),
802 871 884 908 patr.
910 867 1164 906 Constantinop.,
1189 866 1223 896 in
1246 866 1363 897 admira.

599 923 738 953 «Ioannes
764 921 815 960 (de
842 921 957 961 Burgo,
984 920 1102 959 Burle),
1129 930 1177 960 ep.
1204 919 1324 950 Nicien.

600 976 772 1006 Guilelmus
800 974 850 1013 (de
877 974 1055 1015 Montjoie),
1082 974 1221 1004 decanus
1248 973 1483 1014 Andegaven.⁹)

597 1029 795 1060 Raimundus
818 1028 978 1068 Mayrosii,
1003 1028 1085 1058 decr.
1111 1026 1262 1065 doctorw)

597 1083 707 1114 Petrus
727 1081 901 1121 (Soybcrt),
921 1081 1021 1111 adiac.
1042 1081 1181 1111 Lautric,
1202 1080 1233 1110 in
1253 1080 1326 1111 eccl.
1349 1080 1512 1119 Albien.¹¹)

145 551 195 581 ob.
207 550 299 581 Bern.
313 550 403 589 (1317
415 549 490 580 Dec.
503 549 554 587 27)

146 615 244 645 prom.
269 603 373 634 Raim.
398 602 439 633 ad
463 602 553 633 Card.

145 657 195 688 ob.
210 656 292 688 Guil.
306 656 397 695 (1347
410 656 500 686 Febr.
517 657 565 693 15)

145 711 195 742 ob.
209 711 310 741 Bertr.
325 711 414 748 (1361
430 709 509 749 Aug.
524 710 554 747 9)

146 769 183 795 tr.
209 764 293 794 Petri
317 763 357 793 ad
382 763 553 793 Bituricen.

144 817 194 848 ob.
208 817 300 847 Bern.
314 816 405 855 (1376
417 816 510 846 Mart.
524 815 554 854 7)

144 871 194 901 ob.
218 870 302 900 Petri
327 871 431 908 (1412)

145 928 183 955 tr.
210 924 280 954 Joa.
305 923 346 953 ad
372 922 553 953 Gebenuen.

144 977 194 1008 ob.
220 977 353 1008 Joannis

145 1034 183 1062 tr.
210 1030 292 1061 Guil.
317 1030 358 1060 ad
380 1029 554 1060 virdunen.

144 1088 183 1115 tr.
211 1084 315 1114 Raim.
344 1083 384 1114 ad
412 1083 553 1114 Castren.

599 200 771 232 Guilelmus
797 199 846 238 (O.
872 199 973 237 Min),
1000 209 1047 239 ep.
1075 198 1262 235 Placentin„
1288 197 1350 228 obl.
1377 208 1409 228 se

968 95 1141 139 Papien„
1166 104 1195 129 s.
1219 93 1369 137 Papuli,
1392 93 1548 129 Parien.

1554 198 1631 228 1386
1662 197 1749 238 Sept.
1778 198 1817 229 27

1554 251 1631 281 1402
1661 251 1748 292 Sept.
1778 251 1816 282 27

1554 304 1630 335 1427
1658 304 1749 336 Febr.
1777 306 1816 335 26

1554 491 1642 522 1317>
1661 492 1736 522 Maii
1767 493 1806 523 28

1554 546 1631 576 1319
1660 546 1736 586 Apr.
1770 547 1806 576 16

1555 600 1632 629 1328
1663 599 1737 630 Jan.
1768 599 1805 630 27

1555 652 1632 683 1347
1660 652 1751 683 Febr.
1782 654 1818 683 19

1555 707 1632 736 1362
1662 706 1740 737 Julii
1768 706 1806 737 27

1556 759 1634 790 1370
1663 760 1752 790 Junii
1780 761 1798 790 8

1556 813 1633 844 1376
1660 813 1740 854 Aug.
1771 814 1808 843 18

1556 868 1633 897 1412
1663 867 1741 898 «111111
1772 868 1808 897 13

1557 921 1634 951 1418
1664 920 1751 961 Sept.
1780 921 1819 950 23

1556 975 1630 1004 1421
1663 974 1738 1005 Maii
1769 975 1807 1004 23
1833 1003 1834 1006 ,

1556 1029 1633 1058 1423
1663 1027 1741 1058 ι111111
1769 1029 1808 1058 25

1557 1082 1633 1111 1426
1660 1081 1734 1112 Jan.
1760 1082 1799 1111 28

1847 198 1925 229 Urb.
1954 198 1999 229 VI
2028 198 2098 230 Obl.
2129 200 2168 230 48
2196 199 2218 230 1.
2248 200 2289 230 40

1847 252 1927 283 Bon.
1940 252 1990 283 IX
2001 263 2030 283 a.
2045 253 2081 283 13
2092 251 2164 284 Lat.
2177 252 2197 283 1.
2215 254 2273 284 146
2285 253 2306 284 1.
2322 254 2381 284 180

1846 305 1940 336 Mart.
1956 305 1984 336 V
1998 316 2026 337 a.
2044 306 2082 336 10
2094 305 2166 337 Lat.
2182 305 2202 337 l.
2218 317 2266 347 pr.
2283 306 2304 338 1.
2321 307 2380 338 212

1834 407 1881 446 fl.)
1894 407 1922 448 1>

1848 492 1899 523 «10.
1915 492 2017 523 XXII
2033 503 2060 523 a.
2079 494 2092 522 1
2111 494 2147 532 (t.
2164 494 2216 532 66)
2232 503 2282 534 ep.
2298 493 2378 524 3643

1849 546 1899 577 Jo.
1919 546 2021 577 XXII
2039 557 2067 577 a.
2086 547 2104 576 3
2124 547 2160 585 (t.
2180 547 2232 586 69)
2251 557 2300 588 ep.
2320 547 2379 578 589

1849 599 1900 630 Jo.
1916 599 2018 630 XXII
2033 610 2061 630 a.
2081 601 2116 630 12
2133 601 2169 639 (t.
2186 601 2239 639 85)
2255 610 2304 641 ep.
2321 599 2382 631 910

1848 652 1910 683 Cle.
1936 653 1981 683 VI
2006 664 2034 684 a.
2061 654 2079 683 5
2105 655 2141 692 (t.
2170 653 2241 692 173)
2268 664 2317 694 ep.
2343 654 2382 684 66
2435 660 2438 662 ’

1849 706 1919 737 Inn.
1948 706 1992 737 VI
2019 707 2078 737 AV.
2107 710 2130 737 t.
2158 708 2196 737 29
2223 706 2245 738 1.
2273 706 2334 738 217

1848 759 1926 791 Urb.
1953 760 1981 790 V
2006 760 2065 791 Av.
2092 764 2115 791 t.
2143 761 2182 791 23
2207 760 2229 791 f.
2256 761 2295 791 42

1851 813 1921 844 Gre.
1947 813 1996 844 XI
2020 824 2048 844 a.
2074 815 2091 843 6
2116 815 2154 853 (t.
2179 814 2252 853 290)
2277 813 2298 845 1.
2326 814 2383 844 122

1851 867 1901 898 Jo.
1912 867 2032 897 XXIII
2044 878 2072 898 a,
2084 868 2102 897 3
2112 866 2184 898 Lat.
2196 866 2215 898 l.
2227 877 2273 908 pr.
2287 866 2308 898 1.
2322 867 2382 898 258

1848 919 1942 951 Mart.
1959 920 1986 951 V
2001 921 2087 951 Arm.
2104 920 2183 958 XII,
2202 921 2256 951 121
2274 931 2305 962 p.
2323 921 2381 951 109

1848 974 1942 1005 Mart.
1962 974 1990 1004 V
2008 985 2035 1005 a.
2055 975 2074 1004 4
2091 973 2163 1005 Lat.
2183 973 2203 1005 l.
2223 973 2261 1005 57
2280 973 2302 1005 f.
2324 974 2381 1004 149

1848 1028 1942 1058 Mart.
1959 1027 1986 1058 V
2001 1028 2087 1058 Arm.
2104 1027 2183 1065 XII,
2202 1028 2256 1058 121
2274 1038 2305 1069 p.
2323 1028 2381 1058 166

1833 1081 1942 1112 *Maria
1960 1081 1987 1111 V
2002 1092 2030 1112 a.
2047 1082 2065 1111 9
2081 1081 2152 1112 Lat.
2170 1080 2190 1112 l.
2210 1082 2266 1111 122
2283 1080 2305 1112 f.
2321 1081 2382 1111 240

629 1183 837 1218 Parentin.
862 1183 1068 1224 (Parenzo)
1091 1183 1126 1215 in
1150 1183 1257 1223 Istria,
1282 1183 1372 1215 suffr.
1398 1183 1591 1225 Aquilegen.
1617 1185 1675 1224 (80
1698 1184 1738 1216 al.
1767 1185 1831 1216 100
1854 1185 1901 1224 ss.)

151 1294 557 1303 ..........
594 1269 776 1300 Fulcherius
802 1269 918 1307 (1200),
948 1269 1047 1307 1216),
1073 1268 1260 1304 Adelpertus

150 1348 557 1356 ..........
595 1323 741 1357 paganus
764 1323 865 1361 (1243,
891 1323 992 1360 1246),
1017 1322 1158 1353 Joannes

149 1401 558 1409 ..........
598 1376 671 1407 otto
698 1377 800 1415 (1256,
829 1375 929 1414 1279),
956 1376 1136 1406 Bonifatius

151 1455 559 1463 ..........
598 1430 797 1468 (Bernartius,
824 1428 913 1459 sedet
942 1429 1068 1467 13012)‚
1095 1429 1300 1468 Bonifatiusl)

153 1508 512 1516 .........
541 1482 565 1522 2)
600 1483 783 1514 Gratiadeus
800 1482 835 1513 Ο.
860 1482 962 1513 Carm.

144 1538 195 1569 ob.
221 1537 409 1577 Gratiadei³)

143 1592 195 1623 ob.
221 1591 354 1623 Joannis

145 1649 183 1676 tr.
211 1645 281 1676 Gib.
306 1644 347 1675 ad
370 1644 555 1675 Heracleen.
601 1644 740 1675 Joannes
762 1643 943 1674 Lombardo
967 1643 1002 1674 O.
1027 1643 1130 1674 Carm.

144 1698 195 1729 ob.
209 1699 280 1730 Joa.
294 1699 386 1738 (1415
398 1698 491 1728 Mart.
504 1698 556 1735 21)
599 1697 752 1728 Fantinus
774 1696 977 1735 Valasessffl),
1000 1696 1038 1728 el.

144 1756 184 1783 tr.
210 1752 303 1782 Fant.
330 1751 371 1782 ad
396 1751 520 1782 Creten.

600 1537 739 1568 Joannes
759 1535 881 1567 Gottoli
898 1536 937 1566 de
958 1535 1106 1566 Sordellis
1123 1536 1162 1566 de
1181 1535 1326 1566 Bononia
1345 1535 1380 1567 Ο.
1400 1526 1513 1567 Praed.

601 1590 744 1622 Gibertus
771 1590 868 1620 Zorzo
894 1589 934 1620 de
961 1589 1102 1620 Venetiis
1130 1589 1165 1621 O.
1194 1589 1306 1620 Praed.

599 1751 712 1782 Daniel
738 1750 790 1789 (de
816 1750 957 1791 Rampi),
984 1761 1032 1791 ep.
1061 1750 1261 1789 Aemonen.⁵)

1557 1269 1644 1305 1219,
1671 1269 1750 1299 1240

1557 1323 1645 1359 1249,
1671 1323 1749 1353 1252

1557 1376 1645 1413 1282,
1671 1377 1749 1406 1299

1558 1429 1635 1459 1305

1558 1483 1636 1513 1310

1558 1537 1636 1567 1328
1665 1536 1754 1567 Junii
1782 1537 1822 1567 20

1558 1590 1635 1620 1367
1665 1590 1743 1621 Julii
1771 1592 1789 1621 2

1558 1644 1636 1674 1388
1657 1654 1698 1674 m.
1723 1643 1821 1675 Junio

1559 1698 1636 1727 1415
1665 1697 1741 1738 Apr.
1771 1698 1810 1728 28

1559 1752 1636 1781 1426
1663 1750 1736 1782 Jan.
1762 1751 1780 1782 7

1915 1376 2013 1408 Gams
2036 1376 2094 1408 799

1853 1537 1903 1568 J0.
1916 1537 2018 1568 XXII
2031 1548 2059 1568 a.
2075 1538 2111 1568 12
2124 1539 2160 1577 (t.
2174 1538 2226 1577 88)
2240 1548 2289 1579 ep.
2302 1537 2382 1569 3007

1850 1590 1928 1622 Urb.
1956 1590 1983 1621 V
2009 1591 2068 1622 Av.
2096 1594 2119 1622 t.
2149 1592 2186 1622 15
2211 1591 2234 1622 f.
2261 1592 2301 1622 54

1852 1638 1866 1744 }
1916 1670 2014 1702 Gams
2036 1670 2095 1702 799

1851 1751 1944 1782 Mart.
1962 1751 1990 1782 V
2004 1762 2032 1782 a.
2049 1752 2067 1782 9
2083 1751 2154 1782 Lat.
2171 1751 2190 1782 l.
2209 1752 2267 1782 122
2283 1750 2305 1783 1.
2321 1751 2383 1782 260

265 1852 424 1887 Parion.
449 1862 476 1884 v.
500 1850 670 1886 Naxica.
695 1871 737 1874 —
764 1851 924 1886 Parien.
950 1851 1136 1892 (Parium,
1158 1851 1317 1891 Kemer)
1342 1852 1376 1884 in
1401 1852 1480 1884 Asia
1504 1852 1592 1892 min.‚
1617 1854 1756 1894 metrop.
1782 1854 1844 1885 sub
1869 1855 1954 1894 patr.
1980 1853 2264 1896 Constantinop.¹)

622 1956 732 1986 Papian.

216 2001 248 2032 ¹²)
269 2001 301 2026 Ei
319 2001 346 2026 in
363 2004 439 2026 certo
455 2001 515 2026 loco
532 2008 597 2025 suae
614 2000 699 2025 dioec.
718 2000 901 2025 commoranti
919 2008 950 2025 ac
968 2003 1082 2033 propter
1097 2008 1209 2033 guerras

144 2049 173 2071 et
195 2046 263 2071 alias
286 2054 382 2070 causas
406 2045 566 2078 pontificale
590 2044 714 2069 officium
738 2044 765 2069 in
789 2045 840 2069 civ.
867 2044 979 2077 Papien.
1004 2052 1130 2069 exercere
1153 2053 1208 2069 non

145 2090 248 2116 valenti
270 2090 346 2115 Alex.
370 2089 393 2115 V
420 2090 465 2114 die
487 2090 501 2116 7
525 2089 585 2115 Oct.
612 2090 679 2114 1409
700 2089 835 2119 concedit,
858 2092 890 2114 ut
912 2089 1065 2114 Antonium
1087 2089 1122 2114 de
1144 2089 1207 2114 Fra-

145 2134 278 2159 scharolio
297 2134 328 2159 O.
349 2134 424 2164 Min„
445 2142 515 2167 mag.
537 2133 630 2163 theol.‚
651 2134 784 2158 vicarium
802 2142 862 2166 gen.
884 2134 912 2158 in
930 2134 994 2166 spir.
1015 2136 1043 2159 et
1062 2136 1147 2167 temp.
1169 2134 1208 2158 in-

144 2179 245 2204 stituat
265 2179 336 2210 (Lat.
358 2181 378 2203 t.
402 2179 451 2204 136
470 2178 488 2204 f.
513 2179 599 2210 1233).

601 2224 626 2250 S.
646 2223 751 2253 Papuii.

216 2268 236 2299 ¹)
257 2268 302 2292 Er.
323 2276 346 2292 a.
370 2268 436 2294 1317
456 2276 489 2293 ex
510 2267 636 2300 partibus
655 2267 740 2292 dioec.
761 2267 887 2293 Tolosan.
909 2267 1106 2293 constituendo
1124 2267 1207 2292 88818-

145 2312 213 2337 siam
234 2320 306 2337 mon.
328 2321 347 2337 s.
370 2312 468 2345 Papuli
489 2312 520 2337 O.
545 2312 570 2337 S.
594 2312 624 2337 B.
647 2312 674 2336 in
694 2311 889 2337 cathedralem.
930 2312 983 2338 Cfr.
1007 2312 1051 2338 Jo.
1074 2311 1162 2337 XXII
1182 2320 1206 2336 a.

145 2357 161 2381 2
181 2358 212 2388 (t.
233 2357 278 2387 68)
297 2365 339 2389 ep.
363 2356 437 2382 1302.

215 2400 237 2432 ²)
257 2400 288 2426 O.
311 2401 336 2426 S.
357 2401 388 2426 B.
408 2401 493 2426 dioec.
514 2401 652 2431 Tolosam,
672 2401 784 2431 nobilis;
804 2402 847 2426 cui
869 2402 934 2428 1317
954 2401 1023 2434 Aug.
1046 2402 1076 2427 17
1096 2400 1207 2425 conced.

145 2445 263 2470 facultas
285 2445 433 2478 recipiendi
457 2454 558 2470 munus
580 2454 698 2471 consecr.
724 2454 740 2470 a
762 2454 841 2478 quoe.
866 2446 961 2471 antist.
987 2445 1095 2477 (Mollat
1118 2446 1207 2476 4785).

216 2489 238 2520 ³)
257 2489 377 2514 Cedente
394 2489 516 2515 Arnaldo
533 2490 631 2515 Amelii
649 2489 785 2515 monacho
801 2493 829 2515 et
846 2490 970 2515 eleemos.
989 2490 1052 2515 eccl.
1071 2498 1091 2515 s.
1110 2489 1209 2522 Papuli

145 2542 162 2558 a
181 2541 240 2566 cap.
261 2533 292 2558 el.

216 2577 237 2609 ⁴)
257 2578 403 2603 Massilien.

216 2621 238 2653 ⁵)
258 2622 289 2647 O.
313 2622 338 2647 S.
360 2622 391 2647 Β.
412 2623 496 2648 dioec.
519 2623 676 2649 Cabilonen.

218 2666 240 2698 ⁶)
259 2666 365 2691 Aniane
385 2666 416 2692 O.
440 2667 465 2692 S.
488 2667 518 2692 B.
540 2668 625 2693 dioec.
646 2668 783 2701 Magalon.

219 2711 240 2742 ⁷)
260 2710 291 2736 O.
315 2711 340 2735 S.
362 2711 393 2736 B.
414 2711 499 2736 dioec.
521 2711 679 2737 Ca-bilonen.

218 2754 239 2786 Β)
260 2754 301 2780 De
321 2755 506 2788 Ruppescissa
526 2756 744 2788 (Rochetaillee).

218 2799 239 2831 ⁹)
259 2799 362 2832 Legum
379 2799 485 2830 doctor,
502 2801 634 2831 subdiac„
660 2801 792 2826 referend.
813 2801 838 2827 S.
858 2802 887 2826 P.
916 2816 952 2820 —
987 2801 1047 2833 Rej.
1073 2800 1210 2827 Guilelmo

144 2843 179 2869 de
204 2844 326 2877 Peyraco
351 2844 439 2877 priore
464 2845 528 2869 eccl.
555 2853 575 2870 s.
603 2845 702 2878 Papuli
727 2854 744 2870 a
769 2854 828 2879 cap.
855 2846 888 2871 el.

216 2887 249 2919 ¹⁰)
269 2888 449 2914 Desideratur
468 2889 542 2922 apud
561 2889 642 2914 δαημς
662 2898 687 2922 p.
709 2890 767 2915 620.

1386 1955 1418 1986 ¹¹)
1439 1955 1518 1980 Decr.
1526 1955 1632 1980 doctor.
1650 1955 1673 1980 A
1687 1955 1810 1988 capitulo
1824 1955 1934 1981 Utieen.
1951 1956 1978 1980 in
1992 1964 2073 1981 suum
2087 1958 2147 1981 erat
2160 1956 2265 1982 electus
2278 1964 2382 1990 epum„

1314 2008 1330 2024 a
1352 1999 1377 2025 S.
1399 1999 1428 2025 P.
1450 2008 1516 2024 vero
1538 2007 1594 2025 non
1613 1999 1759 2025 admissus.

1778 2054 1917 2080 Parentin.

1386 2107 1406 2138 ¹)
1426 2106 1505 2132 Idem
1522 2115 1554 2131 ac
1572 2106 1748 2140 supradictus
1766 2106 1868 2136 Bonis„
1886 2107 1981 2140 itaque
1999 2107 2158 2133 Ber-nardus
2175 2107 2381 2134 eliminandus?

1315 2151 1366 2176 Die
1389 2152 1403 2178 7
1430 2151 1495 2184 Apr.
1526 2152 1592 2176 1299
1609 2151 1645 2176 ad
1663 2159 1756 2184 preces
1774 2151 1908 2176 Bonifatii
1925 2152 1977 2185 epi.
1997 2151 2138 2177 Parentin.
2156 2152 2292 2178 nonnulla
2308 2152 2383 2178 bona

1314 2195 1349 2221 ad
1370 2204 1493 2221 mensam
1512 2196 1594 2229 episc.
1615 2196 1780 2229 spectantia,
1801 2195 1848 2221 sed
1868 2196 1998 2226 alienata,
2019 2196 2127 2222 restitui
2146 2196 2228 2229 jubet
2247 2196 2383 2228 (Pomm-32

1314 2237 1422 2272 25140).

1385 2284 1406 2316 ²)
1426 2285 1458 2310 A.
1482 2285 1548 2310 1309
1568 2293 1603 2310 m.
1624 2285 1694 2318 Aug.
1715 2285 1769 2310 Cle.
1791 2284 1815 2310 V
1834 2286 1869 2315 (a.
1891 2286 1907 2310 5
1926 2293 1988 2318 epp.
2009 2293 2065 2310 cur.
2086 2285 2119 2312 79
2138 2288 2167 2311 et
2185 2286 2220 2311 80
2238 2285 2281 2311 ed.
2302 2285 2379 2312 Μωι.

1317 2329 1381 2354 Ben.
1400 2330 1478 2359 5078,
1495 2330 1576 2361 5079)
1593 2329 1716 2355 Amaldo
1733 2338 1753 2355 s.
1771 2329 1875 2354 Mariae
1891 2330 1919 2354 in
1937 2329 2049 2355 Porticu
2065 2329 2135 2355 diac.
2153 2329 2227 2355 card.
2245 2333 2274 2356 et
2289 2333 2380 2364 apost.

1314 2373 1386 2399 sedis
1409 2374 1501 2407 legato
1525 2374 1679 2404 mandavit,
1705 2377 1737 2399 ut
1761 2374 1891 2399 ecclesiae
1915 2374 2055 2399 Parentin.
2081 2374 2115 2400 (18
2139 2374 2240 2400 idonea
2264 2382 2382 2408 persona

1315 2418 1481 2452 provideret.

1384 2463 1406 2494 ³)
1427 2463 1505 2488 Inter
1520 2471 1583 2488 eum
1600 2466 1628 2488 et
1646 2463 1784 2489 Joannem
1802 2463 1877 2496 apud
1892 2462 1974 2488 Gams
1989 2463 2187 2488 adscribuntur
2202 2463 2235 2488 fr.
2253 2462 2381 2490 Francius

1314 2507 1350 2532 ad
1365 2516 1389 2532 a.
1408 2508 1476 2533 1316
1490 2510 1518 2533 et
1533 2507 1695 2533 Dominicus
1709 2507 1745 2533 ad
1760 2516 1784 2533 a.
1804 2508 1880 2537 1325,
1896 2507 1943 2540 qui
1959 2510 2054 2533 tamen
2069 2507 2231 2533 eliminandi
2245 2510 2296 2533 aut
2311 2507 2381 2533 Gra-

1315 2552 1407 2577 tiadeo
1427 2552 1614 2585 praeponendi
1633 2560 1691 2577 esse
1711 2552 1849 2577 videntur.

1385 2596 1406 2628 ⁴)
1426 2596 1546 2622 Clericus
1565 2596 1651 2622 dioec.
1673 2596 1832 2626 Castellan„

1853 2605 1877 2622 a.
1900 2597 1934 2622 23
1955 2605 2047 2630 agene,
2068 2604 2151 2630 super
2171 2605 2227 2630 quo
2246 2596 2302 2622 def.
2324 2599 2379 2622 aet.

1316 2640 1378 2666 Joa.
1402 2641 1506 2666 XXIII
1527 2641 1572 2666 die
1593 2641 1627 2666 28
1649 2641 1714 2674 Apr.
1741 2642 1808 2666 1415
1830 2641 1985 2674 dispensat;
2008 2640 2191 2666 confirmatur
2212 2649 2229 2666 a
2249 2640 2333 2666 Mart.
2355 2640 2380 2667 V

1314 2685 1358 2710 die
1377 2686 1408 2710 21
1429 2685 1501 2711 Nov.
1524 2686 1590 2712 1417
1610 2685 1683 2717 (Lat.
1705 2688 1724 2711 t.
1748 2686 1796 2712 187
1818 2685 1835 2710 f.

1859 2686 1891 2710 12
1909 2686 1951 2716 s.).

1385 2729 1406 2761 ⁵)
1426 2729 1458 2755 A.
1482 2730 1546 2755 1431
1568 2729 1708 2755 vicarium
1727 2730 1811 2755 Urbis
1830 2729 1939 2763 agebat.

1793 2793 1899 2819 Parien.

1385 2845 1406 2877 ¹)
1426 2845 1507 2870 Huic.
1534 2845 1598 2870 eccl.
1625 2846 1653 2870 in
1678 2854 1788 2879 aepum.
1816 2845 1914 2877 (titul.)
1940 2845 1976 2870 ab
2001 2845 2079 2871 Alex.
2106 2845 2129 2870 V
2155 2845 2313 2878 praefectus
2336 2847 2380 2871 est

1317 2890 1479 2921 (balterius,
1500 2890 1546 2923 qui
1566 2889 1620 2915 obl.
1642 2898 1670 2915 se
1690 2898 1797 2923 person.
1821 2890 1888 2915 1410
1907 2889 1989 2915 Mart.
2012 2890 2045 2915 14
2064 2889 2137 2921 (obl.
2158 2890 2193 2915 56
2212 2889 2230 2915 f.
2252 2890 2307 2921 25).
