2470 3158
194 432 262 461 pag·

215 467 252 495 28

213 600 249 627 49

214 688 249 716 69

213 776 250 806 70

213 865 249 894 72

211 954 248 982 76

210 998 246 1026 87

208 1087 245 1115 98

191 1131 245 1159 102

190 1220 245 1248 112

190 1353 243 1381 119

189 1397 243 1426 127

189 1441 241 1469 131

189 1486 243 1514 134

188 1574 243 1602 138

188 1663 240 1691 141

187 1708 241 1736 145

187 1796 242 1824 153

187 1885 241 1913 153

186 1929 241 1957 163

186 2017 241 2046 166

185 2062 239 2091 167

186 2150 240 2179 172

186 2283 239 2311 187

186 2371 240 2399 192

186 2415 241 2443 194

184 2547 239 2576 207

183 2591 239 2620 207

945 293 1207 343 Addenda
1244 297 1299 342 et
1336 293 1679 342 emendanda.

292 475 335 494 nr.
358 466 407 494 24:
431 464 565 493 Joannes
585 463 664 492 eard.
687 463 723 492 de
743 461 879 496 Murolio‚
905 462 920 499 Τ
941 462 1014 490 1399
1035 461 1121 490 Febr.
1146 462 1190 495 10,
1212 471 1255 489 se-

330 509 433 547 pultus
457 512 502 537 est
524 509 572 544 (ex
596 507 703 536 ultima
726 507 856 543 volunt.)
880 505 911 534 in
934 506 1003 535 eccl.
1029 505 1158 534 fratrum
1181 505 1253 534 Min.

330 553 550 582 Claromonten.

290 601 353 627 not.
379 599 396 626 2
420 597 458 626 ἃᾶ
483 607 504 626 s.
530 595 686 625 Eustachii
710 595 759 625 lin.
785 597 802 624 3
826 595 888 633 lege
913 594 972 629 „ad
995 594 1071 623 diac.
1097 604 1118 623 s.
1145 593 1254 623 Eust.“

331 642 395 671 loco
415 641 473 676 „ad
493 651 514 670 s.
536 640 611 670 diac.
633 640 741 669 Eust.“

290 686 328 716 ad
347 686 515 715 Achaden.:
537 685 629 714 Carus
649 684 788 722 O'Torpy
809 683 969 721 (O'Torpa)
993 683 1009 721 †
1029 683 1103 711 1226
1124 686 1155 711 et
1174 682 1254 711 Mur-

328 730 439 759 hardus
457 729 578 759 O’Hara
596 732 682 757 erant
700 728 734 758 O.
754 728 824 757 Cist.

289 774 328 804 ad
349 774 560 803 Acheruntia:
584 777 657 802 nota
681 774 716 801 13
737 772 869 811 pertinet
891 771 930 800 ad
952 775 1055 800 textus
1077 775 1140 800 not.
1166 772 1201 800 14
1224 775 1255 800 et

327 823 400 848 nota
422 820 458 847 14
478 818 516 847 ad
537 821 640 847 textus
660 821 722 846 not.
747 818 791 846 13.

290 863 344 893 col.
372 865 385 892 1
412 863 461 892 lin.
487 864 504 891 2
529 863 604 900 lege:
630 861 698 896 „ob.
723 861 881 890 Andreae“
906 861 970 889 loco
995 860 1062 895 ‚,ob.
1088 859 1252 894 Andrese“,

329 918 405 946 quae
428 907 521 936 verba
544 907 665 944 insuper
687 906 717 934 in
741 905 790 935 lin.
816 907 834 934 3
856 905 1028 943 reponenda
1051 908 1131 934 sunt.

288 952 327 981 ad
346 952 511 990 Agathen.:
533 950 723 980 Raimundus
745 951 843 987 (1192)
865 953 930 978 erat
951 949 985 979 O.
1008 949 1079 978 Cist.

287 996 326 1025 ad
348 997 550 1025 Anavarzen.:
575 995 714 1033 Eiringus
737 999 802 1023 erat
824 994 858 1023 Ο.
884 994 965 1028 Cist.,
993 994 1008 1031 †
1032 995 1105 1022 1439
1129 993 1200 1022 Maii
1223 994 1250 1028 4,

325 1051 385 1079 sep.
406 1041 437 1069 in
456 1051 510 1069 suo
530 1050 608 1069 mon.
630 1039 776 1068 Ebracen.

285 1085 324 1114 ad
343 1086 460 1124 Aquen.
485 1084 601 1123 (Aequi)
626 1088 689 1113 not.
717 1085 735 1112 8
756 1084 818 1121 lege
840 1084 915 1113 1370
935 1083 1000 1112 loco
1023 1084 1106 1112 1270.

286 1129 324 1158 ad
354 1129 578 1158 Ardachaden.:
612 1128 764 1157 Jocelinus
795 1127 973 1165 O'Tormaig
1003 1132 1069 1156 erat
1099 1127 1134 1156 Ο.
1167 1127 1249 1162 Cist.,

324 1184 378 1203 res.
403 1175 474 1210 (non
498 1174 524 1211 †)
548 1174 630 1203 1237.

285 1218 324 1247 ad
338 1218 498 1247 Assaven.:
515 1221 618 1246 textus
628 1221 718 1246 notae
729 1219 746 1246 5
757 1216 889 1255 pertinet
899 1216 937 1245 ad
948 1216 1130 1245 Lewelinum
1140 1217 1249 1253 (1357),

323 1273 383 1291 non
406 1262 445 1291 ad
468 1262 532 1300 ejus
555 1261 690 1300 praedec.
713 1261 888 1296 Joannem.;
912 1260 977 1299 ejus
1000 1261 1076 1290 alter
1099 1271 1251 1290 successor

323 1307 503 1335 Laurentius
525 1310 590 1335 erat
612 1306 645 1335 O.
670 1306 740 1335 Cist.

284 1351 323 1380 ad
339 1351 518 1380 Autissiod.:
537 1350 703 1379 Rainaldus
720 1350 757 1379 de
776 1349 899 1388 Saligny
916 1354 980 1378 erat
997 1350 1031 1379 O.
1050 1349 1121 1379 Cist.

285 1395 323 1424 ad
345 1395 527 1433 Bangoren.:
550 1395 698 1424 Martinus
721 1395 819 1431 (1215)
839 1398 904 1423 erat
922 1394 956 1424 O.
980 1394 1051 1423 Cist.

284 1439 323 1468 ad
350 1439 504 1469 Bellieen.:
533 1439 664 1468 Thomas
692 1440 788 1476 (1249,
817 1449 877 1468 11011
906 1440 992 1476 1250)
1021 1442 1086 1467 erat
1113 1438 1147 1468 Ο.
1176 1438 1248 1468 Cist.

283 1484 323 1513 ad
344 1484 523 1513 Bethleem.:
546 1483 713 1518 Rainerius,
737 1483 787 1522 quj
808 1494 869 1512 non
891 1483 1025 1523 1218s24,
1048 1483 1099 1512 sed
1122 1482 1246 1523 1210s27

322 1528 431 1557 sedisse
451 1528 569 1563 dicitur,
592 1532 657 1557 erat
677 1527 711 1557 Ο.
734 1528 804 1557 Cist.

283 1573 322 1602 ad
345 1573 522 1602 Bituricen.:
550 1572 714 1601 Guilelmus
739 1574 834 1609 (1199,
859 1582 919 1601 non
939 1573 1035 1609 1200),
1060 1571 1146 1611 eujus
1163 1576 1247 1601 ante-

322 1627 418 1646 cessor
442 1617 480 1646 ad
504 1627 530 1646 a.
558 1618 630 1646 1199
656 1619 728 1653 (non
754 1618 838 1653 1200)
864 1617 998 1652 sedebat,
1024 1621 1089 1645 erat
1113 1616 1147 1646 O.
1174 1616 1245 1646 Cist.

282 1661 321 1690 ad
344 1661 468 1691 Bosan.:
493 1661 623 1690 Thomas
647 1662 746 1698 (1259)
770 1665 835 1690 erat
858 1661 892 1691 Ο.
918 1661 988 1690 Cist.

282 1705 321 1735 ad
340 1705 476 1735 Bremen.
496 1710 559 1735 not.
581 1707 594 1734 1
614 1706 645 1734 in
663 1705 736 1735 fine:
757 1705 965 1735 Waldemarus
983 1706 1117 1734 intrusus
1138 1706 1153 1743 †
1172 1707 1245 1735 1237

320 1750 351 1778 111
370 1760 450 1780 mon.
472 1750 508 1779 de
528 1750 659 1779 Loccum
679 1750 713 1779 Ο.
736 1750 807 1779 Cist.

282 1794 320 1824 ad
332 1794 522 1833 Caesaraug.:
536 1794 711 1823 Vincentius
722 1794 759 1823 de
770 1795 858 1832 Arag.
873 1795 969 1831 (1239,
985 1795 1086 1830 Τ1244
1098 1794 1183 1824 Febr.
1198 1796 1245 1831 15)

320 1843 385 1868 erat
406 1839 439 1868 O.
463 1839 533 1868 Cist.

281 1883 320 1912 ad
338 1883 508 1913 Cacsareen.
528 1887 591 1912 not.
610 1886 641 1913 5:
662 1883 795 1912 Joannes
813 1887 878 1912 erat
895 1883 929 1913 Ο.
952 1883 980 1912 S.
1000 1883 1034 1912 B.

281 1927 320 1957 ad
355 1927 586 1966 Capitoliaden.:
626 1928 759 1957 Joannes
795 1927 828 1957 Ο.
866 1927 936 1957 Cist.
974 1929 1073 1964 (1350)
1109 1931 1174 1957 erat
1209 1927 1246 1957 de

319 1971 509 2001 Volkenroda
531 1974 602 2009 (non
622 1972 659 2001 de
680 1972 901 2008 Walkenroda).

281 2016 320 2045 ad
340 2016 563 2045 Carcassonen.:
587 2016 685 2045 Guido
705 2018 803 2053 (1211)
824 2020 889 2045 erat
909 2016 943 2046 O.
965 2016 1036 2046 Cist.

281 2060 320 2089 ad
345 2060 517 2090 Carnoten.:
547 2060 707 2090 Gualterus
733 2062 831 2098 (1219)
859 2060 892 2090 O.
920 2060 990 2090 Cist.
1019 2060 1109 2089 fuisse
1134 2060 1246 2090 dicitur

322 2106 394 2142 (non
415 2104 449 2134 O.
476 2105 503 2134 S.
527 2105 585 2142 B.).

281 2149 320 2178 ad
345 2149 506 2179 Castorien.
533 2153 595 2178 not.
622 2151 639 2178 4
664 2149 747 2179 add.:
775 2149 858 2184 „Qui
887 2150 1105 2186 (Hermannus)
1123 2160 1149 2179 a.
1170 2151 1244 2180 1408

319 2194 464 2231 capellam
487 2204 508 2223 s.
535 2194 661 2222 Joannis
684 2194 802 2223 Ulmen.
826 2194 919 2223 dioec.
944 2194 1150 2223 Constantien.
1175 2204 1244 2223 con-

319 2247 447 2266 secrasse
466 2238 606 2267 dieitur.“

280 2281 320 2311 ad
348 2282 521 2311 Cicestren.:
552 2282 703 2311 Richardo
732 2284 830 2319 (1215)
860 2286 925 2311 erat
953 2292 1037 2321 cogn.
1069 2283 1116 2317 „le
1144 2283 1243 2312 Poor“

320 2327 405 2363 (nont
428 2327 453 2355 le
474 2326 568 2363 Post).

280 2370 319 2399 ad
348 2370 533 2400 Clochoren.:
564 2371 664 2399 David
694 2370 851 2409 O’Brogan
881 2372 979 2408 (1227)
1011 2376 1076 2400 erat
1104 2371 1138 2401 O.
1170 2372 1241 2402 Cist.

283 2414 447 2443 Guilelmus
471 2415 625 2444 O’Finden
650 2415 790 2452 (Finnan)
816 2426 861 2454 ep.
887 2415 1028 2445 Cluanen.
1055 2419 1086 2444 et
1109 2415 1243 2446 Ubertus

319 2469 364 2496 ep.
392 2459 533 2496 Clugien.,
561 2464 651 2488 antea
677 2459 771 2488 abbas
798 2470 876 2489 mon.
904 2460 941 2488 de
968 2459 1129 2495 Brondolo,
1157 2465 1243 2490 erant

320 2502 353 2532 Ο.
375 2503 446 2532 Cist.

280 2546 320 2575 ad
341 2547 573 2577 Convenarum:
595 2547 746 2577 Arnaldus
768 2549 866 2585 (1241)
889 2552 954 2577 erat
975 2548 1009 2577 O.
1033 2548 1104 2578 Cist.

280 2590 319 2619 ad
334 2591 532 2620 Conventren.
549 2595 580 2620 et
593 2592 720 2621 Lichef.:
736 2592 906 2621 Alexander
921 2602 1049 2622 consecr.
1067 2597 1112 2622 est
1127 2593 1243 2624 Romae

319 2635 358 2663 ab
380 2635 445 2673 ipso
471 2635 498 2664 S.
524 2636 556 2665 P.
583 2637 656 2664 1224
679 2636 749 2674 Apr.
777 2637 811 2665 14
836 2638 908 2673 (non
933 2638 979 2674 13)
988 2647 994 2671 ;
1020 2637 1169 2666 Walterus
1194 2639 1243 2676 (de

318 2679 469 2717 Langton)
489 2680 504 2717 †
520 2680 591 2708 1321
609 2680 686 2709 Nov.
703 2682 719 2709 9
737 2682 808 2717 (non
825 2682 886 2717 16);
904 2681 1049 2719 Rogerius
1066 2681 1114 2718 (de
1130 2682 1242 2712 North-

1364 426 1431 454 Pag-

1364 551 1419 578 208

1364 596 1397 623 21
1402 595 1419 622 2

1362 774 1418 802 218

1362 818 1419 846 220

1362 862 1417 890 224

1361 996 1413 1024 231

1360 1041 1416 1069 233

1359 1175 1414 1203 237

1359 1219 1415 1247 238

1358 1352 1414 1380 238

1358 1397 1412 1426 257

1358 1486 1414 1514 268

1358 1531 1413 1559 269

1358 1620 1414 1648 273

1358 1664 1414 1693 274

1357 1797 1412 1825 282

1357 1886 1412 1914 289

1354 2152 1408 2181 291

1352 2508 1407 2535 306

1351 2596 1407 2624 312

1351 2641 1407 2669 316

1500 460 1607 499 burgh)
1629 462 1644 499 †
1661 462 1735 490 1359
1752 461 1830 490 Νον.
1850 462 1886 490 22
1904 462 1976 498 (non
1995 463 2069 491 1358
2086 462 2157 492 Dec.
2178 463 2239 500 13);
2258 462 2434 493 Richardus

1500 505 1674 544 (Leskrope)
1693 516 1773 535 cons.
1795 506 1914 535 Januae
1931 506 1970 535 ab
1988 506 2061 536 Urb.
2081 506 2133 536 VI.

1460 549 1499 578 ad
1520 549 1703 579 Corduben:
1726 550 1830 588 Lupus
1851 550 1888 579 de
1909 550 2010 579 Fitero
2032 552 2131 588 (1237)
2153 555 2219 580 erat
2239 551 2274 581 O.
2296 551 2368 582 Cist.

1459 594 1498 623 ad
1521 594 1680 624 Coronen:
1703 594 1782 623 inter
1803 594 1985 624 Haimonem
2007 599 2038 624 et
2059 595 2233 625 Oonradum
2254 595 2431 626 inserendus

1498 643 1544 668 est
1559 640 1746 674 memmius,
1763 639 1815 678 qui
1831 649 1876 669 ex.
1894 650 1920 669 a.
1940 640 2013 670 1297
2030 640 2078 669 vel
2093 640 2133 670 in.
2151 650 2178 669 a.
2198 641 2273 670 1298
2288 640 2433 670 eeclesiae

1498 683 1634 713 Turicen.
1668 683 1797 721 (Ζᾶτὰεῆ)
1831 683 1924 713 dioec.
1959 683 2166 714 Constantien.
2202 684 2351 724 quasdam
2385 684 2434 715 in·-

1497 727 1577 766 dulg.
1600 728 1724 767 largitus
1745 732 1799 757 est.

1458 772 1496 801 ad
1518 772 1695 811 Cupersan.:
1720 772 1893 811 Stephanus
1915 774 2014 810 (1266)
2036 777 2102 802 erat
2123 773 2158 803 Ο.
2181 773 2253 804 Cist.

1458 817 1495 845 ad
1510 817 1663 847 Cusentin.
1678 821 1741 847 not.
1758 819 1790 846 11
1806 817 1856 847 lin.
1871 819 1889 846 3
1902 817 1965 856 lege
1979 817 2152 852 ,‚Pavonis“
2166 818 2232 847 loco
2245 817 2431 854 „Savonis“.

1458 861 1495 890 ad
1518 862 1657 900 Diagorg.
1679 862 1753 891 haec
1773 866 1846 891 nota
1866 863 1884 891 3
1905 862 2045 891 addenda
2065 866 2124 892 est:
2147 862 2232 898 „Qui
2252 862 2432 900 (Walterus)

1496 906 1580 936 suffr.
1610 917 1765 945 epporum.
1795 906 1992 945 Bambergen.
2022 911 2053 936 et
2079 906 2274 946 Herbipolen.
2302 906 2428 946 agebat3

1499 951 1514 988 †
1536 952 1553 979 2
1576 951 1661 980 Febr.
1687 952 1772 988 (1381
1786 951 1810 988 ἓ)
1833 951 1916 989 apud
1938 951 2076 981 Carthus.
2101 951 2250 990 Herbip.“

1457 995 1496 1024 ad
1512 995 1646 1025 Dunen.:
1665 995 1815 1025 Radulfus
1833 996 1932 1032 (1212)
1949 1000 1980 1024 et
1996 995 2182 1034 Reginaldus
2198 999 2286 1025 erant
2301 995 2336 1026 O.
2353 994 2428 1026 Cist.

1456 1040 1495 1068 ad
1516 1040 1696 1069 Eboracen.:
1721 1039 1884 1069 Godfridus
1903 1039 2030 1070 Viterbii
2051 1040 2102 1077 (ab
2121 1040 2206 1070 Alex.
2228 1040 2294 1078 IV),
2317 1039 2433 1070 Guilel-

1496 1095 1562 1113 mus
1586 1084 1782 1121 (Greenfield)
1806 1084 1955 1123 Lugduni,
1982 1084 2148 1114 Guilelmus
2171 1084 2223 1122 (da
2244 1084 2274 1114 la
2295 1083 2431 1122 Zouche)

1495 1129 1644 1158 Avinione
1667 1130 1741 1158 1342
1765 1129 1826 1158 Jul.
1850 1131 1865 1159 7
1889 1131 1919 1166 (a
1941 1129 2032 1159 Clem.
2055 1129 2110 1166 VI)
2133 1139 2263 1159 consecr.
2286 1132 2368 1159 sunt.

1456 1173 1494 1202 ad
1517 1173 1662 1203 Elfinen.:
1685 1174 1849 1203 Malaehias
1872 1174 1971 1210 (1296)
1994 1177 2060 1202 erat
2081 1173 2116 1203 Ο.
2140 1173 2211 1203 Cist.

1456 1218 1494 1247 ad
1529 1218 1650 1247 Elnen.:
1678 1218 1878 1247 'Raimundus
1912 1219 2022 1255 (1212),
2057 1217 2209 1247 Arnaldus
2243 1218 2341 1255 (1223,
2376 1217 2430 1257 qui

1494 1267 1585 1291 antea
1607 1273 1653 1301 ep.
1676 1263 1819 1301 Aeginen.
1844 1262 1935 1292 fuisse
1956 1262 2089 1299 dicitur),
2113 1261 2305 1292 Raimundus
2327 1262 2432 1300 (1225)

1494 1311 1581 1336 erant
1604 1307 1638 1336 O.
1664 1307 1735 1336 Cist.

1455 1351 1493 1380 ad
1515 1351 1625 1380 Elien.:
1650 1351 1753 1380 Simon
1775 1351 1956 1389 (Langham)
1978 1361 2108 1380 consecr.
2132 1352 2207 1380 1362
2227 1351 2318 1381 Mart.
2340 1351 2388 1381 20.

1455 1395 1493 1425 ad
1523 1395 1684 1425 Gabulen.:
1714 1396 1871 1425 Ditmarus
1898 1395 1933 1425 O.
1963 1395 2034 1425 Cist.
2064 1399 2130 1424 erat
2155 1395 2252 1425 abbas
2279 1405 2360 1425 mon.
2389 1394 2433 1424 de-

1493 1440 1694 1469 Volkenroda.

1454 1484 1493 1513 ad
1515 1484 1702 1514 Grossetan.:
1724 1485 1823 1523 Pepus
1843 1485 1942 1522 (1216)
1963 1488 2029 1513 erat
2048 1484 2082 1514 O.
2103 1483 2186 1519 Cist.,
2209 1485 2226 1523 †
2245 1485 2330 1514 1239.

1454 1529 1493 1558 ad
1524 1529 1700 1559 Guardien:
1729 1529 1864 1558 Antonio
1893 1530 1992 1566 (1392)
2022 1532 2087 1558 erat
2114 1538 2199 1567 cogn.
2230 1528 2288 1564 „de
2315 1527 2431 1558 Rossi“

1495 1575 1567 1610 (11011
1588 1573 1645 1608 „de
1666 1574 1801 1610 Rocci“).

1455 1618 1493 1647 ad
1513 1618 1672 1647 Helenen.:
1696 1618 1795 1647 Guido
1815 1622 1880 1646 erat
1899 1617 1933 1647 Ο.
1955 1617 2026 1647 Cist.

1454 1662 1493 1691 ad
1505 1662 1715 1692 Hereforden.:
1728 1662 1871 1701 Aegidius
1882 1672 1962 1692 cons.
1978 1663 2053 1691 1200
2065 1661 2148 1701 Sept.
2161 1662 2198 1691 24
2210 1661 2259 1699 (al.
2274 1661 2295 1691 J
2296 1671 2347 1692 un.
2360 1662 2427 1699 24);

1493 1707 1547 1736 eol.
1569 1709 1587 1736 3
1608 1707 1670 1745 lege
1692 1707 1774 1741 „Jul.
1799 1707 1855 1736 11“
1878 1708 1950 1744 (11011
1971 1708 2022 1746 ql)
2043 1710 2074 1735 et
2094 1706 2149 1736 col.
2171 1707 2189 1735 4
2210 1705 2327 1742 „Gams
2347 1705 2430 1736 190“

1494 1753 1566 1788 (non
1585 1753 1665 1790 q90).

1453 1796 1492 1825 ad
1514 1796 1661 1825 Jlerden.:
1683 1796 1790 1824 Petrus
1811 1797 1908 1833 (1236,
1929 1795 2036 1825 transf.
2058 1796 2133 1824 1238
2152 1805 2192 1824 au
2212 1795 2429 1832 Tarraconen.)

1492 1844 1523 1869 et
1545 1840 1735 1869 Raimundus
1759 1840 1884 1877 (Liscar)
1907 1844 1995 1869 erant
2017 1839 2051 1869 O.
2075 1839 2148 1869 Cist.

1453 1884 1491 1914 ad
1522 1885 1707 1914 Karleolen.:
1739 1885 1830 1923 Hugo
1861 1885 1960 1921 (1219)
1992 1888 2058 1913 erat
2087 1883 2122 1914 O.
2154 1883 2241 1919 Cist.;
2273 1883 2430 1913 Walterus

1493 1930 1591 1966 (1224)
1621 1930 1636 1967 Τ
1663 1930 1737 1958 1248
1764 1928 1830 1958 Oct.
1858 1930 1908 1964 28;
1952 1929 2086 1958 Joannes
2113 1929 2213 1966 (1292)
2240 1937 2321 1958 cons.
2349 1927 2424 1958 1292

1494 1973 1575 2011 Sept.
1598 1975 1647 2008 143
1678 1973 1812 2002 Joannes
1832 1974 1931 2010 (1325)
1952 1973 2038 2002 Febr.
2060 1974 2097 2001 24
2117 1974 2190 2010 (11011
2209 1973 2258 2010 25)
2287 1981 2425 2008 noussen

1492 2018 1622 2047 Thomas
1646 2019 1744 2055 (1397)
1768 2028 1848 2047 cons.
1875 2019 1947 2047 1397
1971 2017 2042 2056 Apr.
2067 2018 2113 2052 23,
2140 2017 2155 2055 †
2178 2018 2267 2052 1410;
2289 2020 2364 2046 nota
2387 2017 2422 2046 11

1491 2062 1564 2091 haec
1589 2066 1647 2091 est:
1675 2062 1831 2097 ,‚Consecr.
1860 2063 1935 2091 1400
1958 2062 2035 2100 Aug.
2063 2061 2135 2096 15“;
2160 2061 2211 2090 illa
2235 2064 2319 2096 nota,
2345 2070 2430 2100 quae

1493 2108 1536 2136 11.
1551 2111 1624 2141 erat,
1638 2106 1669 2135 in
1683 2108 1738 2141 12.‚
1753 2111 1783 2135 et
1796 2117 1839 2141 ea,
1854 2116 1931 2145 quae
1944 2110 2009 2135 erat
2023 2107 2078 2141 12.‚
2092 2105 2124 2134 in
2137 2107 2182 2135 13.
2196 2105 2309 2135 mutari
2320 2104 2426 2135 debet..

1451 2150 1490 2180 ad
1504 2151 1694 2181 Landaven.:
1713 2150 1879 2180 Guilelmus
1894 2151 1993 2188 (1219)
2009 2160 2089 2180 cons.
2106 2149 2174 2180 Oct.
2189 2151 2225 2180 27
2241 2149 2279 2179 al.
2294 2149 2374 2179 Nov.
2389 2150 2408 2179 3
2414 2158 2422 2185 ;

1493 2195 1658 2224 Guilelmus
1687 2196 1786 2232 (1245)
1815 2205 1895 2224 cons.
1926 2195 2012 2224 Febr.
2044 2196 2093 2230 19;
2125 2194 2292 2223 Guilelmus
2320 2194 2422 2231 (1257)

1490 2250 1569 2269 cons.
1591 2240 1660 2269 Jan.
1681 2242 1695 2269 7
1716 2241 1788 2276 (11011
1806 2241 1845 2276 6),
1867 2240 1882 2278 †
1900 2240 1975 2268 1266
1994 2239 2064 2268 Jan.
2083 2241 2114 2274 9;
2135 2238 2303 2268 Guilelmus
2321 2238 2427 2275 (1266)

1489 2294 1568 2314 cons.
1595 2284 1676 2322 Sept.
1702 2286 1751 2319 19;
1776 2284 1910 2313 Joannes
1933 2284 2032 2320 (1294)
2057 2293 2137 2312 cons.
2162 2284 2235 2313 1297
2258 2282 2346 2312 Febr.
2370 2282 2421 2317 10;

1490 2329 1624 2357 Joannes
1658 2330 1757 2365 (1347)
1791 2338 1871 2358 cons.
1905 2328 2069 2362 Avinione;
2103 2326 2286 2356 Edmundus
2319 2327 2424 2364 (1389)

1489 2383 1568 2402 cons.
1590 2373 1609 2402 J
1612 2383 1662 2402 un.
1682 2374 1719 2402 20
1737 2373 1853 2402 Romae
1870 2383 1888 2401 a
1906 2372 2004 2402 Cosm.
2023 2382 2088 2410 epo.
2108 2371 2275 2401 Bononien.
2296 2372 2420 2409 (postm.

1489 2417 1591 2447 Innoc.
1618 2417 1690 2454 VII)
1699 2428 1706 2452 3
1732 2417 1868 2446 Andreas
1894 2418 1993 2454 (1395)
2020 2426 2100 2445 cons.
2128 2416 2258 2451 Romam
2286 2415 2426 2445 Joannes

1489 2463 1587 2499 (1396)
1609 2472 1689 2491 cons.
1712 2472 1751 2491 m.
1776 2461 1838 2491 Jul.

1448 2506 1487 2535 ad
1512 2506 1712 2535 Linoolnien.:
1739 2506 1829 2544 Hugo
1855 2507 1955 2542 (1209)
1982 2515 2062 2534 cons.
2089 2505 2161 2534 Deo.
2188 2505 2239 2539 20;
2266 2503 2424 2533 Robertus

1488 2552 1587 2587 (1235)
1610 2561 1690 2580 cons.
1716 2550 1788 2580 Jun.
1811 2552 1829 2579 3
1851 2550 1888 2579 al.
1914 2550 1976 2579 Jul.
2002 2551 2047 2579 17.

1448 2594 1487 2623 ad
1506 2595 1674 2624 Lubucen.:
1695 2594 1878 2623 Laurentius
1898 2595 1997 2631 (1209)
2018 2597 2084 2622 erat
2103 2592 2138 2623 O.
2159 2592 2231 2622 Cist.

1448 2639 1487 2668 ad
1509 2639 1701 2677 Lugdunen.:
1726 2639 1876 2668 Radulfus
1900 2640 1999 2676 (1236)
2023 2641 2088 2667 erat
2110 2637 2144 2667 Ο.
2169 2636 2240 2666 Cist.

872 2830 1723 2883 —ffiffiQ——ffl
