2482 3178
180 120 219 150 48
384 118 615 153 Cardinales
639 119 862 162 presbyteri
884 119 942 153 tit.
968 129 996 153 s.
1022 119 1229 153 Susannae
1254 121 1294 153 et
1317 129 1346 153 s.
1370 119 1520 159 Vitalis‚
1546 120 1704 154 diaconi
1727 130 1756 154 s.
1781 120 1954 161 Adriani.
1978 131 2007 156 s.
2031 122 2212 167 Agathae

1137 223 1166 254 S
1203 223 1454 254 Susannam

180 293 382 330 Benedictus,
402 293 482 324 diae.
502 304 526 324 s.
547 293 625 324 Mar.
646 294 677 324 in
696 294 825 330 Domn.,
845 293 954 324 transl.
978 294 1065 331 1201,
1085 294 1138 324 trs.
1159 293 1200 324 ad
1219 294 1370 325 Portuen.
1394 295 1481 325 1212.

179 346 435 377 Aldebrandinus
455 346 610 388 Cajetani,
632 347 712 378 diae.
734 358 758 378 s.
781 347 956 384 Eustachii,
978 347 1087 378 transl.
1112 349 1200 384 1219,
1222 347 1274 378 trs.
1297 347 1338 378 ad
1362 347 1469 379 Sabin.
1494 349 1582 379 1221.

181 400 354 431 Gaufridus
371 400 409 431 de
427 400 527 431 Barro
545 401 647 439 (XIV,
666 402 708 439 6),
727 412 827 441 prom.
848 402 935 438 1281,
954 400 1035 431 obiit
1054 401 1169 440 1287.¹)
1333 441 1336 444 .

179 453 292 484 Petrus
313 454 351 485 de
373 453 547 494 Arreblayo
570 454 676 493 (XXI,
699 456 741 493 5),
764 465 864 495 prom.
890 455 966 484 1316
988 454 1063 485 Dec.
1089 456 1135 491 18,
1159 454 1211 485 trf.
1235 454 1275 485 ad
1297 455 1448 486 Portuen.
1473 457 1560 486 1328.

179 507 321 538 Andreas
343 507 438 538 Ghini
459 507 621 548 Malpighi‚
643 518 691 548 ep.
714 508 886 538 Tornaeen.
910 507 1053 547 (XXIII,
1075 509 1117 547 4),
1139 519 1240 549 prom.
1265 510 1341 539 1342
1365 508 1452 550 Sept.
1474 510 1523 546 20,
1545 509 1626 540 obiit
1647 511 1725 540 1343
1748 510 1837 542 Junii
1858 512 1885 542 2.

178 561 291 592 Petrus
311 561 490 597 Bertrandi,
511 572 559 601 ep.
580 561 767 592 Atrebaten.
789 561 932 600 (XXIII,
955 562 1015 600 11),
1036 572 1136 602 prom.
1160 563 1235 592 1344
1257 561 1333 594 Maii
1354 564 1401 598 19,
1422 562 1502 593 obiit
1523 564 1597 593 1361
1622 563 1700 594 Julii
1722 565 1768 595 13.

177 614 343 655 Philippus
363 614 401 645 de
422 614 548 645 Rufinis
570 615 605 645 O.
628 614 751 651 Praed.,
773 626 821 655 ep.
843 614 1000 645 Tiburtin.
1023 615 1178 654 (XXVII,
1202 617 1262 654 11),
1284 627 1384 656 prom.
1409 616 1486 647 1378
1509 616 1595 658 Sept.
1620 618 1666 654 18,
1688 616 1769 648 obiit
1788 628 1814 649 c.
1838 619 1926 650 1386.

176 667 363 699 Franciscus
384 668 557 705 Carbonus,
580 679 627 709 ep.
651 668 881 709 Monopolitan.
906 668 1060 707 (XXVII,
1082 670 1145 708 32),
1169 680 1269 710 prom.
1294 671 1372 700 1384
1393 670 1470 701 Dee.
1492 670 1540 707 17,
1566 670 1618 701 trf.
1642 670 1683 701 ad
1710 670 1817 703 Sabin.
1842 673 1930 703 1392.

176 721 289 752 Petrus
309 721 348 752 de
369 722 503 762 Tureyo,
525 733 573 762 ep.
596 721 778 753 Malleacen.
802 722 925 760 (XXX,
947 722 1009 761 27),
1032 733 1131 763 prom.
1157 724 1234 753 1385
1257 723 1335 754 Julii
1358 725 1405 760 12,
1426 723 1507 754 obiit
1529 725 1608 754 1410
1626 725 1703 756 Dec.
1728 726 1774 756 19.

175 775 334 807 Antonius
355 775 557 812 PancerinuS,
580 779 662 817 patr.
686 775 829 818 Aquileg.
854 776 1024 816 (XXXIV,
1047 777 1088 815 2),
1112 787 1212 815 prom.
1238 778 1311 807 1411
1339 778 1427 809 Junii
1450 779 1478 815 6,
1501 782 1540 808 11.
1563 777 1604 808 ad
1626 778 1751 809 Tuscul.
1777 780 1864 810 1431.

1158 884 1179 912 χ
1214 875 1243 906 S
1277 876 1466 907 VitaMs.

177 947 354 989 Gregorius,
371 947 451 978 diac.
469 958 492 978 s.
513 947 631 979 Mariae
647 948 678 978 in
695 947 777 988 Aqu.
796 949 879 988 (pag.
897 948 915 977 3
932 951 998 978 not.
1018 949 1030 977 1
1050 958 1096 978 nr.
1114 949 1176 986 23),
1194 947 1303 978 transl.
1324 948 1412 984 1202,
1429 947 1509 978 obiit
1525 959 1554 988 p.
1575 947 1651 979 1207
1670 948 1734 979 Jul.
1752 949 1801 979 21.

176 1001 317 1032 Joannes
336 1001 375 1032 de
395 1001 596 1037 Castroeoeli,
618 1012 686 1042 aep.
709 1001 927 1031 Beneventan.
950 1001 1070 1040 (XVII,
1094 1002 1154 1040 13),
1176 1012 1276 1041 prom.
1301 1002 1376 1031 1294
1399 1005 1472 1042 post
1493 1003 1529 1031 13
1551 1001 1633 1039 Oct.,
1654 1001 1735 1033 obiit
1756 1003 1834 1033 1295
1854 1002 1946 1034 Febr.
1968 1004 2016 1035 22.

174 1054 287 1086 Petrus
307 1055 346 1086 de
366 1054 503 1095 Capella,
525 1066 573 1095 ep.
596 1055 741 1086 Tolosan.
765 1055 853 1093 (XX,
877 1056 917 1093 1),
939 1065 1039 1095 prom.
1063 1055 1141 1085 1305
1161 1055 1237 1085 Dee.
1262 1056 1308 1091 15,
1330 1054 1383 1085 trs.
1405 1054 1450 1085 ad*
1467 1055 1629 1086 Praenest.
1653 1056 1741 1086 1306.

175 1108 316 1139 Jacobus
336 1108 467 1139 Arnaldi
487 1108 606 1145 Deuza,
627 1120 675 1149 ep.
700 1109 886 1139 Avinionen.
909 1108 998 1147 (XX,
1021 1109 1081 1147 18),
1102 1119 1203 1149 prom.
1227 1110 1304 1139 1312
1324 1108 1400 1139 Dee.
1422 1110 1471 1145 23,
1492 1108 1604 1139 transf.
1626 1109 1722 1150 paulo
1742 1114 1815 1150 post
1834 1110 1875 1141 ad
1895 1110 2046 1142 Portuen.

173 1161 370 1193 Bertrandus
389 1162 428 1193 de
448 1162 545 1193 Turre
566 1162 601 1193 O.
623 1163 710 1199 Min.,
731 1173 800 1203 aep.
824 1161 970 1201 Salern.¹)
992 1162 1099 1201 (XXI,
1122 1164 1183 1201 11),
1204 1173 1304 1203 prom.
1328 1163 1407 1193 1320
1425 1162 1501 1193 Dec.
1524 1164 1571 1199 19,
1592 1162 1645 1193 trs.
1666 1162 1707 1194 ad
1727 1163 1853 1195 Tuscul.
1876 1165 1964 1195 1323.

174 1215 315 1247 Joannes
334 1215 373 1246 de
393 1216 560 1253 Convenis,
581 1227 650 1257 aep.
672 1216 818 1246 Tolosam.
841 1215 948 1255 (XXI,
971 1215 1031 1254 17),
1053 1227 1153 1256 prom.
1178 1216 1254 1246 1327
1275 1216 1350 1247 Dec.
1375 1217 1422 1253 18,
1443 1216 1496 1247 trs.
1518 1216 1559 1247 ad
1579 1216 1730 1247 Portuen.
1754 1218 1842 1248 1331.

172 1269 258 1300 Elias
277 1270 316 1301 de
335 1269 501 1300 Nabinalis
521 1269 557 1300 Ο.
578 1270 666 1307 Μ111.,
687 1274 769 1310 patr.
791 1269 946 1300 Hierosol.
968 1269 1111 1309 (XXIII,
1135 1271 1174 1308 1),
1196 1281 1296 1311 prom.
1320 1271 1397 1300 1342
1420 1270 1512 1314 Sept.v
1528 1271 1577 1307 20,
1598 1270 1679 1301 obiit
1700 1271 1778 1301 1348
1799 1271 1873 1302 Jan.
1897 1273 1943 1302 13.

171 1322 322 1354 Ν10018118
343 1324 480 1364 Capocii,
502 1334 550 1364 ep.
574 1323 731 1364 Urgellen.
756 1323 899 1363 (XXIII,
924 1324 984 1362 18),
1007 1334 1107 1364 prom.
1133 1324 1211 1354 1350
1231 1323 1307 1354 Dee.
1333 1323 1380 1360 17,
1403 1323 1456 1356 trf.
1479 1323 1520 1354 ad
1542 1323 1667 1355 Tuscul.
1693 1325 1780 1355 1361.

173 1376 348 1408 Guilelmus
367 1377 406 1408 de
425 1376 572 1408 Chanaco
592 1377 628 1408 O.
652 1377 681 1408 S.
703 1377 751 1414 B„
772 1388 820 1418 ep.
841 1377 1005 1408 Mimaten.
1027 1377 1163 1416 (XXVI,
1184 1379 1226 1416 6),
1247 1388 1347 1418 prom.
1371 1377 1445 1408 1371
1467 1377 1542 1408 Maii
1562 1378 1611 1415 30,
1631 1377 1712 1409 obiit
1733 1379 1811 1409 1383
1830 1378 1906 1410 Dee.
1927 1379 2004 1419 30.2)

173 1431 314 1462 Joannes
333 1431 372 1462 de
392 1431 537 1468 Murolio,
558 1442 607 1472 ep.
629 1431 812 1462 Trieastrin.
835 1430 957 1469 (XXX,
979 1432 1041 1470 23),
1063 1442 1164 1472 prom.
1189 1432 1266 1461 1385
1289 1431 1366 1462 Julii
1390 1432 1436 1468 12,
1457 1431 1538 1462 obiit
1559 1432 1636 1462 1399
1658 1431 1749 1463 Febr.
1773 1432 1820 1463 10.

1114 1587 1155 1623 Q
1197 1587 1466 1621 Diaconi

1105 1666 1109 1681 ¹
1152 1683 1182 1714 S.
1216 1682 1425 1713 Adriani.

171 1762 329 1793 Gerardus
353 1764 437 1803 (pag.
462 1763 480 1792 3
503 1766 569 1793 not.
597 1764 609 1792 1
636 1774 681 1793 nr.
709 1764 769 1801 18),
794 1774 894 1803 prom.
922 1764 1008 1800 1182,
1033 1763 1113 1794 obiit
1139 1764 1226 1793 1204.

169 1815 307 1856 Angelus
325 1816 364 1855 (Ι,
383 1817 445 1854 21),
465 1827 564 1856 prom.
587 1817 674 1853 1212,
693 1816 774 1847 obiit
796 1818 880 1847 1214.

170 1869 352 1910 Stephanus
371 1869 410 1900 de
429 1869 622 1900 Normandis
641 1870 680 1909 (I,
701 1871 763 1909 30),
785 1881 884 1910 prom.
908 1863 995 1907 1216,
1016 1870 1068 1901 trs.
1090 1870 1131 1901 ad
1149 1881 1173 1901 s.
1194 1870 1313 1901 Mariae
1333 1873 1371 1900 tr.
1393 1870 1461 1901 Tib.
1485 1872 1572 1901 1228.

170 1922 343 1953 Gaufridus
364 1923 594 1954 Castilionaeus
617 1923 666 1962 (V,
689 1925 731 1962 8),
756 1935 856 1964 prom.
882 1925 956 1954 1244
980 1935 1022 1955 m.
1045 1924 1120 1955 Maii
1143 1926 1192 1960 28,
1215 1924 1295 1955 obiit
1316 1934 1342 1954 0.
1368 1925 1455 1954 1245.

169 1976 352 2007 Ottobonus
373 1977 412 2007 de
434 1976 536 2007 Flisoo
559 1977 608 2016 (V,
634 1978 694 2016 14),
717 1988 818 2018 proni.
844 1979 918 2008 1251
943 1989 984 2008 111.
1008 1978 1095 2014 Dec„
1119 1978 1215 2009 exalt.
1239 1978 1270 2008 in
1295 1977 1325 2008 S.
1350 1977 1384 2008 P.
1409 1977 1497 2016 (Adr.
1521 1978 1571 2016 V).

168 2029 328 2071 Neapoleo
348 2030 482 2061 Ursinus
502 2030 604 2069 (XVI.
625 2032 667 2069 5),
688 2042 788 2071 prom.
812 2033 890 2062 1288
909 2043 950 2062 111.
971 2032 1065 2068 Μ810,
1086 2031 1167 2062 obiit
1189 2033 1265 2061 1342
1285 2031 1379 2062 Mart.
1401 2033 1449 2062 23.

168 2083 345 2114 Rainaldus
364 2084 498 2114 Ursinus
518 2084 661 2123 (XXIII,
682 2086 744 2124 24),
766 2096 866 2125 prom.
890 2086 968 2115 1350
986 2085 1061 2116 Deo.
1085 2085 1132 2122 17,
1153 2085 1233 2116 obiit
1255 2085 1332 2116 1374
1354 2085 1443 2116 Junii
1463 2087 1490 2115 6.

170 2136 303 2168 Gentilis
322 2137 361 2168 de
381 2137 501 2178 Sangro
521 2138 676 2177 (XXVII,
699 2139 759 2177 15),
780 2149 880 2179 prom.
904 2138 981 2169 1378
1002 2139 1089 2179 Sept.
1113 2140 1159 2176 18,
1180 2138 1260 2170 obiit
1282 2140 1359 2169 1386
1378 2150 1420 2169 m.
1442 2139 1517 2169 Dee.

167 2189 349 2221 Ludovious
368 2191 407 2221 de
427 2191 539 2228 Flisco,
560 2191 597 2222 el.
619 2192 790 2223 Vercellen.
813 2192 968 2231 (XXVII,
989 2194 1051 2231 42),
1074 2203 1174 2233 prom.
1199 2194 1276 2222 1384
1296 2203 1337 2223 m.
1360 2192 1448 2229 Dee„
1469 2192 1549 2223 obiit
1572 2193 1649 2222 1423
1670 2192 1745 2233 Apr.
1767 2193 1795 2223 3.

168 2243 349 2275 Bonifatius
369 2244 408 2275 de
435 2245 606 2282 4111888118,
628 2246 772 2276 1101811118
793 2250 895 2286 apost.
919 2246 1060 2285 (XXXI,
1082 2247 1123 2285 6),
1146 2257 1247 2287 prom.
1272 2246 1348 2276 1397
1370 2246 1446 2276 Dec.
1468 2247 1517 2283 21,
1539 2245 1620 2277 obiit
1642 2247 1719 2276 1399
1740 2256 1782 2276 m.
1806 2245 1875 2277 Oct.

167 2296 262 2339 Hugo
282 2298 492 2339 Lusignanus,
513 2299 549 2330 el.
572 2299 728 2330 Nicosien.
751 2299 904 2338 (XXXV,
927 2301 987 2339 10),
1009 2311 1109 2341 prom.
1134 2301 1210 2330 1426
1231 2300 1306 2330 Maii
1326 2301 1376 2336 24,
1398 2299 1450 2330 trf.
1472 2299 1513 2330 ad
1533 2300 1583 2330 tit.
1605 2310 1629 2330 s.
1650 2299 1747 2330 Clem.
1771 2301 1858 2330 1431.

1092 2418 1095 2444 ζ
1140 2408 1170 2439 ἃ
1206 2407 1426 2443 Agatha&

167 2482 348 2515 Bernardus
369 2485 408 2515 de
433 2485 549 2522 Gai-vo,
573 2487 673 2517 adiac.
698 2487 916 2518 Constantien.
941 2488 1030 2527 (XX,
1059 2489 1119 2527 15),
1143 2499 1243 2528 prom.
1270 2488 1350 2519 1310
1374 2487 1449 2518 Dec.
1477 2489 1523 2524 19,
1547 2486 1661 2518 transf.
1686 2487 1728 2518 ad
1752 2488 1803 2518 tit.
1827 2498 1851 2518 s.
1877 2486 1973 2518 Olem.
1998 2498 2026 2518 8.
2052 2486 2170 2526 1316.1)

168 2536 321 2568 Galeotus
343 2538 490 2570 Tarlatus
516 2539 555 2570 de
577 2540 758 2572 Petramala
782 2541 936 2579 (XXVII,
959 2543 1002 2580 9),
1026 2552 1126 2582 prom.
1151 2542 1228 2572 1378
1254 2541 1341 2582 Sept.
1368 2543 1414 2578 18,
1440 2540 1492 2571 trs.
1515 2540 1557 2571 ad
1579 2541 1660 2572 diae.
1686 2552 1710 2572 8.
1739 2540 1865 2582 Georgii
1890 2541 1978 2573 1388.

166 2589 348 2622 Ludovieus
369 2591 409 2622 de
432 2592 540 2629 Barro,
564 2593 600 2623 el.
623 2594 796 2635 Lingonen.
824 2595 966 2634 (XXXI,
994 2595 1037 2634 7),
1065 2606 1166 2636 prom.
1194 2595 1271 2626 1397
1292 2595 1368 2626 Deo.
1393 2596 1442 2627 21.
1466 2594 1518 2625 trf.
1543 2594 1585 2625 ad
1609 2594 1676 2625 bas.
1702 2593 1772 2625 XII
1796 2597 1900 2635 apost.
1926 2594 2014 2625 1409.

597 2754 621 2780 S.
644 2755 792 2781 Susannae.
1279 2750 1281 2771 l
1406 2755 1426 2786 2)
1448 2754 1534 2780 Paulo
1561 2757 1625 2779 ante
1651 2754 1761 2779 obitum
1787 2757 1847 2779 erat
1873 2754 1967 2779 transl.
1996 2753 2032 2779 ad
2057 2753 2203 2779 Tusculan.

236 2795 256 2826 ¹)
277 2795 327 2820 Die
345 2797 361 2821 8
378 2796 459 2822 Mart.
481 2797 547 2822 1288
565 2797 666 2823 admin.
688 2798 770 2830 hujus
787 2799 850 2824 ecel.
870 2800 1056 2825 committitur
1074 2800 1226 2826 Benedicto

166 2838 284 2865 Gaetam
305 2849 325 2865 8,
348 2840 406 2866 Nic.
430 2841 457 2865 in
478 2841 505 2866 C.
528 2841 557 2866 T.
580 2841 649 2867 diae.
672 2843 744 2868 eard.
1780 2827 1804 2853 s·
1825 2826 1959 2856 Agame·
2385 2872 2386 2875 Ἴ

620 2888 644 2913 S.
665 2887 769 2914 vitalis.
1406 2889 1426 2920 ¹)
1449 2889 1606 2915 Secundum
1622 2888 1763 2920 Cristojorz'
1779 2897 1802 2914 8,
1822 2888 1890 2913 1314
1906 2887 1942 2913 ad
1958 2887 2027 2913 diae.
2045 2895 2065 2912 s.
2083 2886 2227 2912 Eustachii
2242 2888 2271 2911 et
2287 2894 2311 2911 a.
2330 2885 2401 2912 1316

235 2928 255 2959 ¹)
276 2928 358 2962 Apud
383 2929 522 2962 Cristosori
546 2930 574 2955 in
598 2931 665 2956 serie
691 2931 780 2964 presb.
807 2933 849 2958 tit.
876 2941 895 2958 8.
922 2933 1034 2958 Martini
1059 2937 1223 2959 recensetur.
1279 2945 1281 2962 1
1335 2934 1370 2959 ad
1390 2934 1425 2959 tit
1445 2942 1464 2958 s.
1487 2933 1568 2959 OEem.
1590 2933 1751 2958 translatus.
