2482 3178
142 159 185 191 60
836 154 1068 189 cardinales
1091 154 1328 198 cognomina
1351 154 1474 192 (Pons
1497 173 1537 177 —-
1559 154 1695 193 Zalva)

146 261 233 292 Pons
256 260 320 300 (de)
344 271 370 290 v.
395 258 598 289 Raimundus
620 258 659 288 de
682 257 716 288 P.

144 314 335 345 Pontiniaoo
359 313 422 353 (de)
447 323 472 343 v.
497 312 659 342 Robertus
680 311 719 342 de
742 312 776 342 P.

146 367 226 399 Pore
250 379 274 398 v.
304 367 409 398 Guido
432 365 511 396 Pare

144 420 245 452 Porta
277 420 341 460 (de)
374 431 399 450 v.
434 419 611 455 Ardicinus,
647 418 799 455 Jacobus,

228 474 357 511 Hereb.,
380 472 578 514 Reginaldus
599 472 638 502 de
661 472 696 502 P.

144 526 324 558 Portaooeli
348 527 411 567 (de)
436 538 460 557 Γ.
485 525 635 556 Claudius
657 525 697 556 de
719 525 753 555 P.

146 580 302 612 Praelatis
326 581 389 620 (de)
413 591 438 610 v.
463 580 577 610 Petrus
599 579 638 610 de
661 579 711 609 Pr.

146 633 245 665 Prata
269 635 332 675 (de)
357 646 382 665 v.
407 633 512 664 Pileus
533 632 572 663 de
595 633 645 663 Pr.

148 687 255 719 Pratis
280 688 346 728 (de)
370 699 395 718 v.
420 688 534 718 Petrus
556 686 595 717 de
617 687 668 716 Pr.

146 740 249 772 Puteo
273 742 337 781 (de)
362 752 386 772 υ.
412 741 573 771 Imbertus
595 740 634 771 de
656 739 691 769 P.

146 793 217 835 Puy
241 795 304 834 (de)
329 806 354 826 v.
381 794 536 826 Geraldus
557 793 597 825 (16
620 792 720 824 Podio

145 847 302 888 Puyanne
329 849 393 888 (de)
421 859 446 878 v.
475 848 589 879 Petrus
616 847 709 878 Rain.
737 845 777 877 de
803 846 838 877 P.

145 900 329 933 Rabastens
353 902 417 942 (de)
442 912 467 931 υ.
492 901 673 932 Pilusfortis
695 900 735 931 de
758 900 797 930 R.

146 954 267 986 Rabati
291 956 426 995 (Ravat)
450 966 475 985 v.
500 955 614 986 Petrus
636 955 675 985 R.

144 1007 287 1040 Rainerii
312 1021 336 1040 v.
361 1008 573 1040 Theodericus
596 1009 634 1039 R.

146 1061 231 1092 Ram
255 1074 280 1093 v.
305 1063 492 1094 Dominious
514 1063 553 1093 R.

145 1114 307 1147 Ravarius
330 1128 354 1147 υ.
380 1116 562 1147 Bernardus
584 1116 623 1146 R.

146 1168 331 1211 Repington
355 1182 380 1201 v.
404 1170 571 1211 Philippus
593 1170 632 1200 R.

145 1222 242 1254 Riera
266 1224 330 1263 (de)
354 1235 378 1255 v.
407 1224 586 1255 Bernardus
608 1223 646 1253 de
670 1223 708 1252 R.

146 1275 275 1317 Rigaldi
300 1289 325 1308 v.
350 1277 420 1309 Odo
442 1278 481 1308 R.

146 1329 286 1371 Rigaudi
309 1342 334 1362 1).
359 1331 510 1372 Aegidius
532 1331 570 1361 R.

145 1382 281 1415 Roberti
305 1396 330 1415 v.
355 1385 532 1416 Ademarus
554 1384 593 1414 R.

145 1436 254 1468 Rocea
267 1439 399 1477 (Roohe,
410 1439 449 1469 de
460 1439 502 1478 la)
514 1449 540 1468 υ.
555 1436 838 1481 AndroynusdeR.

146 1490 393 1522 Roehechouart
420 1492 484 1531 (de)
511 1503 536 1522 v.
567 1491 709 1522 Joannes
734 1489 773 1521 de
799 1490 838 1520 R.

145 1543 363 1577 Roohetaillee
386 1546 437 1585 (de
459 1546 501 1585 la)
524 1556 550 1575 v.
575 1545 718 1575 Joannes
738 1543 778 1574 de
799 1544 838 1575 R.

146 1597 301 1639 Roger(ii)
326 1611 351 1630 v.
376 1600 480 1640 Hugo,
505 1600 619 1629 Petrus
641 1598 680 1628 R.

145 1650 286 1683 Rolandi
310 1653 463 1692 (Roland)
486 1664 512 1683 v.
538 1653 681 1683 Joannes
702 1651 742 1682 R.

145 1703 302 1737 Romanis
325 1707 389 1746 (de)
413 1718 438 1738 v.
463 1706 614 1737 Nicolaus
635 1705 675 1736 de
697 1704 736 1735 R.

146 1757 315 1790 Romanus
337 1771 363 1791 v.
388 1760 538 1801 Aegidius
560 1760 599 1790 R.

147 1811 250 1843 Ronei
274 1825 299 1844 v.
324 1814 511 1845 Franciseus
534 1814 572 1843 R.

146 1864 332 1908 Rosenberg
356 1868 420 1907 (de)
444 1879 469 1898 v.
493 1868 608 1898 Petrus
629 1865 668 1897 de
691 1866 730 1896 R.

146 1918 283 1951 Rosselli
306 1932 331 1952 v.
356 1921 507 1952 Nioolaus
529 1921 568 1951 R.

145 1972 275 2007 Ruffati
303 1975 461 2014 (Arrufat)
484 1986 510 2005 v.
536 1973 712 2005 Guilelmus
734 1973 773 2003 R.

146 2025 248 2058 Ruffo
268 2029 386 2068 (RouX‚
406 2028 457 2067 de)
477 2039 502 2058 v.
522 2026 726 2058 Raimundus
743 2026 782 2057 de
800 2026 839 2057 R.

147 2078 260 2111 Rufini
284 2093 309 2113 v.
334 2082 501 2123 Philippus
523 2081 562 2111 R.

147 2132 341 2174 Rupesoissa
371 2135 435 2175 (de)
465 2146 490 2166 v.
522 2135 664 2166 Joannes
692 2133 732 2165 de
760 2134 799 2164 R.

148 2185 356 2220 Saarwerden
385 2189 449 2228 (de)
479 2200 504 2219 v.
535 2188 713 2218 Friderieus
740 2186 779 2218 de
810 2186 840 2218 S.

149 2238 312 2274 Sabaudia
335 2243 398 2282 (de)
423 2253 448 2273 v.
476 2241 653 2273 Guilelmus
673 2241 713 2272 de
737 2241 767 2271 S.

148 2292 294 2327 Sabellus
317 2307 342 2327 v.
367 2295 575 2332 Bertrandus,
600 2295 742 2326 Jacobus
766 2294 796 2325 S.

148 2346 296 2380 Sabrano
319 2350 383 2389 (de)
407 2360 432 2380 v.
458 2349 612 2380 Elziarius
633 2348 673 2379 de
698 2348 728 2379 S.

880 254 882 292 ἶ
925 257 1056 288 8611113116
1079 257 1143 296 ((16)
1167 268 1193 288 v.
1220 257 1377 288 Amedeus
1398 256 1438 288 de
1463 256 1493 287 S.

924 311 1021 341 Salva
1042 310 1106 349 (de)
1129 322 1155 341 v.
1177 311 1345 347 Matrinus,
1367 310 1503 341 Michael
1523 310 1562 341 de
1585 310 1616 341 S.

924 364 1045 404 Sangro
1069 363 1133 403 (de)
1157 375 1182 394 v.
1209 364 1345 395 Gentilis
1367 363 1406 394 de
1431 363 1461 394 S.

923 417 1153 448 Sanseverinus
1177 428 1203 448 v.
1232 417 1418 457 Guilelmus,
1446 417 1557 458 Steph.
1585 417 1616 448 S.

924 471 1115 502 Santuooius
1137 482 1162 501 v.
1189 471 1332 502 Jacobus
1356 471 1386 501 S.

924 524 1050 555 Sarrats
1073 524 1137 564 (de)
1158 535 1183 555 v.
1211 525 1325 555 Pastor
1349 524 1388 555 de
1416 523 1615 555 Serraescud.

923 578 1097 609 Saturnino
1120 578 1172 617 (de
1193 580 1231 617 s.)
1254 589 1279 609 v.
1303 577 1455 609 Nicolaus
1475 577 1515 608 de
1536 588 1559 608 s.
1585 577 1615 608 S.

925 631 1009 662 Saxo
1032 643 1057 663 v.
1083 631 1242 663 Oliverius
1266 632 1296 662 S.

925 685 1060 716 Saxonis
1083 696 1108 716 v.
1133 685 1248 716 Petrus
1273 685 1302 716 S.

924 739 1016 769 Serra
1039 750 1064 770 v.
1089 739 1204 769 Petrus
1230 739 1259 769 S.

923 792 1180 823 Serraeseuderio
1204 792 1268 832 (de)
1292 803 1318 823 v.
1343 792 1458 822 Pastor
1480 790 1520 822 de
1544 791 1575 822 S.

923 846 1058 877 Serrano
1081 857 1107 877 v.
1131 846 1319 877 Dominicus
1344 846 1374 876 S.

923 899 1025 930 Sessio
1051 900 1168 939 (Sessa,
1193 899 1245 938 de)
1271 910 1296 930 v.
1324 898 1480 931 Geraldus
1503 898 1543 930 de
1569 898 1600 929 S.

923 953 1048 994 Signiae
1064 955 1093 993 (e
1107 954 1203 992 6016.)
1220 964 1245 984 (κ
1264 953 1415 990 Andreas,
1440 952 1536 993 Hug.,
1556 952 1616 983 06-

1002 1007 1163 1043 tavianus,
1180 1007 1358 1037 Rainaldus
1382 1018 1398 1037 e
1423 1017 1503 1037 com.
1532 1006 1562 1037 S.

923 1060 1058 1091 80111660
1085 1060 1200 1101 (Sully,
1227 1060 1279 1100 de)
1306 1072 1332 1091 v.
1362 1060 1471 1091 Simon
1497 1059 1536 1091 de
1564 1059 1594 1091 S.

924 1114 1107 1145 Someroote
1136 1114 1200 1153 (de)
1230 1125 1255 1145 v.
1285 1114 1448 1145 Robertus
1475 1113 1515 1144 (16
1544 1113 1574 1144 S.

923 1168 1097 1199 Sortenaco
1121 1167 1185 1207 (de)
1210 1178 1234 1198 ν.
1260 1168 1375 1198 Petrus
1396 1167 1436 1198 de
1461 1167 1491 1198 S.

923 1222 1044 1262 Stagno
1068 1221 1132 1261 (de)
1157 1232 1182 1252 v.
1207 1221 1322 1252 Petrus
1345 1221 1384 1252 de
1409 1221 1455 1252 St.

923 1275 1122 1316 Stampensis
1145 1286 1170 1306 v.
1196 1275 1399 1306 Theobaldus
1424 1274 1470 1305 St.

921 1329 1146 1369 Stephanescis
1157 1328 1222 1368 (de)
1234 1339 1260 1360 v.
1274 1329 1416 1360 Jacobus
1426 1327 1506 1368 Ca‘j..
1519 1328 1616 1359 (1066-

1004 1393 1069 1419 1166,
1094 1383 1209 1413 Petrus
1231 1382 1270 1413 de
1295 1382 1341 1413 St.

924 1435 1024 1467 Sudre
1049 1435 1101 1475 (de
1124 1436 1154 1466 la
1180 1436 1305 1475 Sudrie)
1330 1447 1355 1467 v.
1383 1435 1559 1467 Guilelmus
1585 1435 1615 1466 S.

924 1489 1017 1530 Suisy
1041 1489 1105 1529 (de)
1130 1500 1155 1520 v.
1182 1490 1365 1530 Stephanus
1387 1489 1427 1520 de
1452 1489 1482 1520 S.

923 1543 1012 1583 Sully
1036 1543 1100 1583 (de)
1125 1554 1150 1574 v.
1177 1543 1285 1574 Simon
1308 1543 1347 1574 de
1372 1543 1507 1574 Solliaeo

924 1596 1062 1637 Sulpitio
1092 1597 1143 1636 (de
1172 1599 1210 1636 s.)
1241 1608 1266 1628 υ.
1297 1596 1432 1628 Μ1611661
1460 1596 1500 1627 (16
1528 1607 1551 1627 s.
1585 1595 1614 1627 S.

923 1650 1127 1691 Summaripa
1153 1650 1217 1689 (de)
1243 1661 1268 1681 v.
1296 1650 1435 1691 Angelus
1459 1650 1499 1681 de
1524 1650 1617 1681 Anna

920 1704 1142 1744 Talayrandus
1168 1715 1194 1735 v.
1222 1704 1308 1735 Elias
1334 1703 1556 1744 Talayrandus

922 1757 1039 1788 Talaru
1062 1757 1126 1797 (de)
1151 1769 1176 1788 v.
1203 1758 1345 1789 Joannes
1367 1757 1406 1788 de
1429 1758 1463 1788 T.

921 1811 1068 1842 Taliante
1091 1811 1155 1851 ((16)
1180 1822 1205 1842 v.
1232 1811 1408 1842 Guilelmus
1429 1810 1469 1842 de
1491 1811 1526 1842 T.

921 1863 1109 1896 Tarentasia
1133 1864 1197 1905 (de)
1222 1876 1246 1895 v.
1271 1865 1386 1896 Petrus
1407 1864 1447 1895 de
1470 1865 1504 1895 T.

922 1919 1065 1949 Tartaris
1088 1918 1152 1958 (de)
1177 1929 1202 1949 v.
1227 1918 1341 1949 Petrus
1362 1918 1402 1949 de
1425 1918 1459 1948 T.

923 1972 1019 2003 Testa
1041 1983 1067 2003 υ.
1094 1972 1271 2003 Guilelmus
1293 1972 1389 2003 Testa

923 2026 1070 2056 Textoris
1092 2037 1117 2056 v.
1143 2026 1257 2057 Petrus
1279 2026 1426 2056 Textoris

923 2079 1170 2110 Thebaldeschis
1185 2079 1249 2119 (de)
1264 2089 1290 2109 v.
1305 2079 1493 2109 Franciscus
1506 2078 1545 2110 de
1559 2078 1616 2110 Th.

923 2132 1127 2163 Theobaldus
1150 2144 1175 2164 v.
1202 2133 1372 2173 Gregorius
1394 2132 1451 2163 Th.

924 2186 1113 2217 Thomasius
1136 2197 1162 2217 v.
1188 2186 1330 2217 Jacobus
1353 2186 1410 2216 Th.

924 2239 1036 2270 Toleto
1060 2240 1124 2279 ((16)
1148 2251 1174 2271 υ,
1201 2240 1343 2271 Joannes
1364 2239 1404 2270 de
1427 2240 1461 2270 T.

925 2293 1124 2324 Tomaeellus
1146 2304 1171 2324 v.
1196 2294 1329 2324 Perinus
1352 2294 1386 2324 T.

925 2347 1140 2388 Tornaquinoi
1163 2358 1188 2378 v.
1213 2347 1327 2378 Petrus
1350 2347 1384 2377 T.

1690 258 1788 288 Torso
1811 257 1876 297 (de)
1899 269 1926 289 v.
1951 258 2094 290 Jacobus
2114 259 2154 290 de
2176 260 2211 291 T.

1690 311 1763 342 Tria
1785 322 1812 342 v.
1838 311 2014 343 Guilelmus
2036 312 2110 343 Tria

1690 364 1795 396 Trinei
1818 375 1843 396 v.
1869 365 2012 396 Joannes
2034 366 2128 397 Dom.
2152 366 2202 397 Tr.

1690 418 1815 459 Tureyo
1839 418 1903 458 (de)
1927 430 1952 450 v.
1977 419 2092 450 Petrus
2113 419 2152 451 de
2175 420 2209 451 T.

1689 471 1788 503 Turre
1825 472 1932 511 (Tour,
1970 472 2009 504 de
2045 472 2088 512 la)
2125 484 2151 504 v.
2190 473 2383 511 Bel-nardus,

1771 525 1980 563 Bertrandus,
2006 527 2148 557 Joannes
2169 526 2209 558 de
2231 527 2266 558 T.

1690 578 1843 609 Ubaldini
1866 590 1892 610 v.
1917 579 2115 610 Octavianus
2137 580 2199 611 Ub.

1690 632 1866 673 Ugucoioni
1888 644 1914 663 v.
1938 633 2126 664 Franciscus
2148 634 2208 675 Ug.

1688 685 1818 717 Uliariis
1841 686 1906 726 (de)
1929 697 1955 717 v.
1980 687 2248 718 Bartholomaeus
2269 687 2310 718 de
2331 687 2383 719 [11.

1689 739 1797 770 [116611
1821 739 1885 779 ((16)
1910 751 1935 771 v.
1960 740 2125 772 Conradus
2146 740 2185 772 de
2207 741 2248 772 U.

1689 792 1848 833 Urgellen.
1874 794 1989 834 (epus.)
2014 804 2040 824 v.
2067 795 2210 826 Joannes
2232 805 2281 836 ep.
2306 794 2383 836 Urg.

1690 846 1798 877 Urries
1821 857 1847 877 v.
1872 847 2003 878 Carolus
2025 847 2133 879 Urries

1689 900 1813 931 Ursinis
1829 900 1894 940 (de)
1911 911 1937 931 v.
1955 901 1980 931 F
1982 902 2143 932 ranciscus
2158 901 2271 942 Neap.,
2290 901 2384 932 Jaco-

1770 953 1840 991 bus,
1858 954 1879 985 J
1882 965 2001 985 oannes
2016 954 2095 996 Caj.‚
2113 955 2134 986 J
2136 955 2286 993 ordanus,
2301 954 2384 985 Mat-

1770 1007 1895 1045 thaeus,
1918 1008 2084 1049 Neapolio‚
2108 1008 2285 1046 Poneellus,
2309 1008 2384 1039 Rai-

1770 1061 1961 1099 mundellus,
2002 1062 2181 1093 Rainaldus
2220 1062 2372 1103 (Regin.)‚

1771 1114 1914 1146 Thomas
1935 1115 1975 1146 de
1997 1115 2068 1146 Urs.

1691 1167 1855 1199 Utinensis
1878 1179 1903 1200 v.
1930 1169 2072 1200 Jacobus
2094 1169 2133 1200 de
2155 1169 2254 1200 Torso

1690 1221 1816 1253 1766666
1839 1222 1903 1262 ((16)
1927 1233 1952 1253 v.
1979 1222 2162 1264 Stephanus
2184 1222 2224 1254 de
2245 1222 2283 1254 V.

1690 1275 1825 1306 Vassalli
1848 1287 1873 1307 v.
1898 1276 2104 1307 Fortanerius
2126 1276 2163 1307 V.

1689 1328 1821 1360 Veneris
1844 1330 1998 1369 (Venenz)
2021 1341 2047 1361 v.
2071 1330 2232 1361 Antonius
2252 1329 2291 1361 V.

1690 1382 1834 1423 Vergeyo
1857 1383 1922 1422 (de)
1946 1394 1971 1414 v.
1998 1383 2236 1429 Guilelmustde
2257 1383 2294 1414 V.

1691 1436 1831 1467 Vernhio
1854 1437 2000 1478 (Vergne,
2024 1437 2076 1477 de)
2099 1448 2125 1468 υ.
2148 1437 2264 1468 Petrus
2285 1436 2325 1467 de
2346 1435 2384 1468 V.

1690 1489 1751 1520 Via
1775 1490 1840 1529 (de)
1866 1501 1892 1521 v.
1919 1490 2089 1528 Arnaldus,
2116 1490 2259 1522 Jacobus
2282 1489 2322 1521 de
2346 1489 2384 1521 V.

1656 1574 1658 1582 ,
1690 1543 1939 1575 Viceeomitibus
1957 1544 2151 1583 (Mediolan.‚
2170 1544 2222 1584 de)
2239 1555 2266 1575 v.
2287 1543 2386 1575 Joan-

1773 1608 1829 1628 nes
1851 1597 1890 1628 de
1912 1597 2071 1629 Viceoom.
2094 1597 2177 1629 Med.

1690 1650 1939 1682 Vioeeomitibus
1955 1651 2157 1690 (Placentin.,
2173 1651 2225 1691 de)
2242 1662 2268 1682 v.
2287 1650 2384 1682 ,1066-

1773 1715 1828 1735 nes
1851 1704 1890 1735 de
1912 1705 2070 1736 Vioeoom.
2094 1705 2180 1736 Plac.

1690 1757 1906 1789 Vicedominis
1922 1758 1987 1798 (de)
2005 1769 2031 1789 v.
2048 1758 2276 1789 Vioedominus
2291 1757 2331 1789 (16
2346 1757 2385 1789 V.

1691 1811 1845 1842 Villemur
1862 1811 1926 1851 (de)
1944 1823 1970 1843 v.
1990 1812 2150 1842 Arnaldus
2166 1812 2274 1843 Pontii
2290 1811 2330 1843 de
2346 1811 2384 1843 V.

1693 1865 1821 1896 Virinus
1844 1876 1870 1896 v.
1896 1866 2038 1896 Joannes
2059 1865 2097 1896 V.
2327 1871 2341 1884 ²

1691 1918 1836 1949 Viterbio
1857 1918 1921 1959 (de)
1943 1930 1968 1950 v.
1991 1919 2127 1956 Marcus,
2148 1918 2268 1950 Paulus
2287 1919 2327 1950 de
2347 1918 2385 1951 V.

1692 1972 1834 2003 Vitriaoo
1857 1972 1921 2012 (de)
1945 1983 1971 2003 v.
1997 1972 2139 2003 Jacobus
2161 1972 2201 2003 de
2222 1973 2260 2004 V.

1692 2025 1869 2066 Vulpellius
1891 2037 1916 2057 v.
1942 2026 2136 2057 Orlandinus
2157 2026 2195 2057 V.

1694 2079 1854 2110 Wardlaw
1876 2090 1901 2110 v.
1928 2079 2100 2110 Gualterus
2122 2079 2171 2110 W.

1692 2132 1900 2163 Winterburn
1923 2144 1949 2164 v.
1975 2133 2147 2164 Gualterus
2169 2133 2218 2164 W.

1658 2178 1660 2195 ³
1692 2186 1825 2217 Wlasim
1847 2197 1873 2217 υ.
1899 2187 2042 2218 Joannes
2064 2187 2153 2218 Ocko
2174 2186 2214 2218 de
2236 2186 2296 2218 Wl.

1692 2240 1814 2271 Yrieux
1842 2240 1894 2279 (de
1919 2242 1957 2278 s.)
1985 2250 2011 2271 v.
2040 2240 2127 2270 Elias
2153 2240 2192 2271 de
2218 2251 2243 2271 s.
2271 2239 2388 2271 Eredio

1692 2293 1858 2324 Zabarella
1880 2304 1906 2324 v.
1930 2293 2118 2324 Franciscus
2140 2294 2173 2324 Z.

1693 2346 1791 2378 Zalva
1813 2357 1839 2377 υ.
1863 2358 1960 2387 supra
1984 2346 2090 2378 Salva.

315 2522 355 2556 G.
399 2522 661 2566 Cognomina,
686 2521 831 2564 quibus
855 2521 1039 2555 nonnulli
1063 2519 1099 2554 S.
1124 2519 1172 2553 R..
1198 2519 1241 2553 E.
1264 2519 1497 2554 cardinales
1523 2520 1626 2561 „vul
1634 2520 1844 2563 εει-ΗΘΜ
1869 2520 2195 2554 nominabantur.

148 2618 282 2649 Adriani
302 2619 352 2656 (S.)
371 2628 397 2647 v.
418 2616 599 2647 Bonifatius
617 2615 656 2646 de
674 2616 843 2647 Amanatis

148 2671 326 2703 Aeduensis
348 2681 373 2701 v.
397 2671 511 2701 Petrus
533 2670 636 2700 Bertr.
660 2670 767 2708 (XXI,
790 2671 841 2709 28)

234 2750 251 2762 ,,
358 2749 376 2761 ,,
469 2749 487 2761 ,,
551 2723 656 2754 Raim.
673 2723 796 2762 (XXX,
810 2724 842 2762 4)

148 2777 304 2820 Agrifolio
328 2777 391 2817 (de)
416 2787 441 2807 v.
468 2776 644 2808 Guilelmus
666 2776 705 2807 de
728 2776 801 2817 Agr.

149 2831 341 2863 Albanensis
367 2841 393 2861 υ.
422 2830 572 2861 Ν16016116
598 2829 637 2860 (16
665 2830 845 2861 Branoatiis

149 2885 325 2917 Alenconio
348 2884 412 2923 (de)
436 2895 461 2914 v.
485 2883 652 2924 Philippus
674 2883 713 2913 de
736 2883 843 2914 Alenc.

149 2938 249 2970 Alifia
272 2938 336 2978 (de)
360 2948 386 2968 v.
411 2937 597 2968 Francisous
618 2936 658 2967 de
680 2936 728 2967 Al.

925 2615 1079 2646 Altavina
1102 2608 1167 2654 (de)
1191 2626 1217 2646 v.
1243 2614 1419 2646 Guilelmus
1441 2615 1480 2646 de
1503 2614 1566 2646 Alt.

925 2669 1149 2700 Ambianensis
1172 2679 1197 2699 v.
1224 2669 1364 2699 Joannes
1387 2668 1427 2699 de
1451 2668 1591 2709 Grangia

926 2723 1036 2764 Angeli
1060 2724 1111 2762 (s.)
1134 2733 1160 2753 v.
1187 2722 1363 2761 Guilelmus
1384 2721 1522 2753 Noelleti

1135 2801 1153 2813 ,‚
1184 2775 1299 2806 Petrus
1322 2775 1415 2806 Blavi

988 2855 1007 2867 „
1134 2854 1152 2866 ,,
1182 2829 1297 2859 Petrus
1326 2829 1366 2860 de
1397 2828 1621 2870 Stephaneseis

927 2883 1149 2924 Angli0(an)us
1180 2882 1232 2921 (de
1261 2882 1388 2923 Anglia)
1418 2893 1444 2913 v.
1477 2881 1580 2912 Adam

1183 2935 1222 2966 de
1245 2936 1357 2973 Eston,
1383 2935 1522 2967 Thomas
1545 2936 1621 2966 Jorz

1696 2615 1871 2646 Anieiensis
1893 2626 1919 2646 v.
1943 2615 2058 2646 Petrus
2081 2615 2214 2647 Gerardi

1694 2669 1918 2710 Appamiensis
1935 2679 1961 2699 v.
1980 2668 2140 2699 Arnaldus
2156 2669 2196 2700 de
2213 2669 2388 2701 Villamuto

1695 2722 1853 2763 Aquensis
1875 2733 1901 2753 v.
1925 2722 2040 2753 Petrus
2062 2722 2151 2753 Iterii

1694 2776 1913 2816 Aquilegensis
1942 2786 1968 2806 v.
1991 2776 2151 2806 Antonius
2172 2775 2348 2817 Cajetanus

1797 2854 1815 2866 „
1941 2854 1959 2866 „
1983 2829 2144 2860 Antonius
2164 2829 2359 2861 Pancerinus

1694 2882 1854 2923 Aragonia
1885 2882 1949 2922 (de)
1980 2893 2006 2913 v.
2040 2882 2182 2914 Jacobus
2211 2882 2250 2914 de
2280 2883 2387 2924 Arag„

1776 2935 1926 2966 Nioolaus
1947 2935 2078 2973 Roselli,
2100 2936 2214 2966 Petrus
2235 2935 2275 2967 de
2295 2936 2388 2968 Luna
