2482 3178
910 446 1062 494 Aliae
1101 446 1495 496 emendationes

254 535 305 573 in
332 534 419 573 hoc
446 534 467 572 Ι
494 534 586 573 vol.
617 533 855 572 faciendae
882 536 1066 583 praeter
1094 544 1183 581 eas,
1209 544 1326 584 quae
1351 534 1447 585 jam
1474 545 1576 585 pag.
1607 536 1716 575 VIII
1743 539 1995 577 annotatae
2023 541 2144 578 sunt.

107 703 125 722 a
147 717 153 723 .

83 703 144 767 ΡΊξ
162 737 201 767 ad
221 737 351 766 Aladen:
373 737 546 766 Bernardus
566 737 603 766 ad
625 747 651 766 a.
675 738 750 766 1430
770 737 941 776 adscriptus
961 738 1052 766 solvit
1072 748 1149 768 serv.

200 792 308 811 comm.
325 783 398 811 1432
413 781 479 811 Oct.
496 783 540 816 13,
567 791 659 820 quare
673 781 699 810 ei
712 782 858 819 Magonus
872 792 932 811 non
946 781 1008 820 jam
1022 793 1048 811 a.
1065 784 1148 817 1431,

200 826 279 855 sicut
300 826 404 855 scribit
424 826 521 860 Gams,
545 826 719 855 successisse
742 830 853 864 potest.

103 871 142 899 98
164 870 203 899 ad
217 870 350 909 Aquen.:
367 870 414 899 ille
431 870 574 905 Joannes,
590 870 627 899 de
643 881 702 908 quo
717 875 780 900 not.
797 872 823 905 8,
840 881 866 900 a.
884 872 959 901 1370
975 872 1046 908 (non
1063 872 1148 907 1270)

200 925 303 944 revera
321 918 480 953 tamquam
498 925 580 953 epus.
600 915 717 953 Aquen.
737 919 874 953 apparet.

85 959 140 988 106
161 958 198 988 ad
225 959 381 988 Arianen.:
419 959 537 988 litterae
572 958 682 997 provis.
721 959 875 988 Laurentii
903 961 1002 996 (1320)
1042 964 1150 988 extant

202 1003 219 1032 l.
243 1014 267 1032 c.
290 1007 312 1032 t.
337 1005 372 1033 76
396 1005 481 1040 (nont
506 1005 563 1040 70).

85 1047 139 1076 139
161 1047 199 1076 ad
221 1047 361 1077 Bobien.:
384 1048 527 1076 Albertus
550 1047 706 1084 (Ubertus)
729 1048 766 1076 de
788 1048 921 1077 Bondito
944 1050 1095 1085 (1333s74)
1119 1049 1149 1077 in

199 1091 275 1121 duos
300 1092 464 1130 episcopos,
490 1092 650 1120 Albertum
676 1096 706 1121 ct
731 1092 890 1127 Ubertum,
918 1093 1149 1131 distinguendus

199 1140 230 1165 et
246 1136 324 1165 inter
340 1140 504 1175 utrumque
520 1136 557 1165 ad
576 1147 602 1166 a.
620 1147 644 1165 c.
664 1138 735 1166 1251
755 1137 862 1165 tertius
879 1137 1070 1175 reponendus
1087 1148 1149 1166 csse

198 1179 327 1210 videtur.

83 1224 138 1254 162
159 1224 198 1253 ad
226 1225 374 1254 Cannen.:
403 1225 482 1253 inter
509 1225 676 1254 Antonium
706 1227 805 1262 (1376)
835 1230 865 1254 ct
893 1226 1018 1255 Petrum
1048 1227 1147 1263 (1384)

197 1270 330 1303 Angelus
349 1273 379 1298 et
398 1269 477 1298 inter
496 1269 575 1298 hunc
595 1270 743 1308 Angelum
763 1274 793 1299 et
815 1270 966 1299 Joannem
984 1273 1149 1301 Riecardus

198 1313 235 1342 de
254 1313 408 1343 Gilaberto
425 1314 573 1342 inserendi
591 1318 676 1349 sunt;
706 1314 752 1343 hic
769 1315 848 1343 enim
866 1325 883 1343 a
903 1315 989 1353 Greg.
1005 1316 1068 1344 XII
1085 1326 1149 1353 pro-

198 1357 279 1387 visus
300 1359 373 1388 1409
389 1359 475 1388 Febr.
488 1361 503 1388 7
525 1358 653 1388 Arimini
672 1370 702 1388 se
722 1359 835 1397 obligat
852 1360 1049 1397 personaliter
1062 1364 1091 1388 et
1105 1370 1149 1388 re-

196 1403 349 1440 cognoscit
363 1407 430 1432 tum
443 1414 498 1441 pro
511 1403 646 1440 praedec.
664 1403 781 1432 Jacobo
793 1414 819 1433 a.
836 1405 910 1433 1408
929 1409 1079 1442 promoto,
1098 1404 1149 1442 qui

197 1446 319 1485 quidem
347 1458 408 1476 non
432 1447 539 1476 habuit
568 1448 785 1486 possessionem
806 1459 903 1486 neque
922 1449 1056 1487 expediri
1077 1449 1149 1477 fecit

197 1490 313 1520 litteras
340 1492 377 1521 de
398 1502 452 1521 sua
480 1492 677 1530 promotione.
705 1496 771 1521 tum
798 1503 852 1531 pro
874 1494 964 1522 Petro
986 1498 1017 1523 et
1035 1494 1150 1531 Angelo

195 1536 351 1573 praedicto
369 1538 450 1573 (1381
471 1536 543 1565 Jun.
561 1538 574 1565 1
595 1537 625 1565 in
644 1537 725 1566 Urbe
740 1539 920 1575 praesente).
945 1538 1001 1567 Die
1015 1540 1059 1568 11.
1076 1539 1147 1567 Dec.

197 1580 271 1609 1424
280 1580 369 1610 Mart.
377 1580 403 1610 V
415 1581 570 1610 ecclesiam
581 1581 712 1611 Cannen.
726 1582 866 1611 ecclesiae
879 1582 1006 1612 Tranen.
1018 1583 1094 1617 unit,
1107 1583 1150 1612 ita

196 1628 232 1653 ut
246 1625 371 1654 cedente
387 1626 434 1654 vel
449 1626 613 1654 decedente
629 1637 693 1664 epo.
711 1627 842 1656 Cannen.
860 1627 967 1656 titulus
982 1627 1060 1656 illius
1076 1628 1145 1657 eccl.

196 1668 236 1697 sit
254 1669 407 1699 extinctus
427 1670 558 1699 omnino.
598 1671 655 1700 Cfr.
677 1671 784 1700 Sclaede
803 1671 834 1700 di
851 1671 1002 1710 (iarcmzpi.
1047 1672 1147 1707 Quare

196 1712 337 1743 Nicolaus
355 1724 372 1743 a
394 1714 516 1743 Gamsio
538 1715 577 1743 ad
591 1725 617 1744 a.
636 1726 660 1744 0.
687 1716 760 1744 1436
782 1716 860 1744 inter
883 1726 985 1754 eppos.
1010 1716 1143 1746 Cannen.

195 1758 359 1787 recensitus
379 1759 605 1797 expungendus,
630 1759 763 1788 Joannes
784 1764 892 1801 autent
908 1761 947 1789 ad
968 1771 994 1790 a.
1018 1762 1145 1797 1412s24

196 1802 366 1841 adscriptus
389 1813 406 1832 a
431 1803 549 1832 Joanne
572 1804 685 1832 XXIII
709 1808 866 1842 promotus
889 1815 951 1834 esse
976 1805 1106 1835 videtur.

81 1847 136 1875 168
157 1845 196 1875 ad
213 1846 439 1885 Carthaginen.:
459 1847 616 1877 Gutterius
634 1850 732 1885 (1422)
751 1848 828 1878 inter
845 1860 946 1887 eppos.
965 1850 1066 1879 Carth.
1086 1860 1146 1879 non

195 1892 393 1921 recensendus
415 1903 477 1921 esse
499 1892 628 1927 videtur,
651 1903 720 1922 cum
742 1893 875 1922 Didacus
897 1894 933 1923 de
956 1894 1070 1929 Bedan,
1094 1905 1146 1933 per

195 1935 282 1974 cujus
296 1937 400 1966 transl.
416 1936 455 1965 ad
470 1937 636 1966 Placentin.
652 1937 700 1966 1116
714 1942 871 1976 promotus
886 1942 940 1973 est,
957 1939 1026 1967 huic
1040 1939 1143 1968 transl.

195 1990 255 2008 non
277 1981 469 2016 consenserit,
493 1981 545 2010 sed
567 1992 649 2020 epus.
674 1982 775 2011 Carth.
800 1983 985 2012 remanserit.

81 2025 135 2054 187
155 2024 195 2053 ad
215 2024 389 2054 Cicestrcn.:
411 2025 581 2055 Richardus
602 2027 711 2063 (1245),
736 2027 751 2064 1·
772 2028 846 2056 1253
866 2027 937 2065 Apr.
960 2029 977 2056 3
999 2028 1047 2064 (al.
1071 2029 1145 2057 1252

194 2069 266 2107 Apr.
277 2070 306 2106 2)
317 2069 386 2098 albo
397 2069 577 2099 Sanctorum
586 2070 767 2100 adscribitur
778 2072 851 2100 1263
862 2071 947 2100 Febr.
960 2073 1004 2101 19.

79 2114 135 2142 255
156 2113 194 2142 ad
224 2113 248 2141 F
250 2113 393 2152 risingen:
424 2114 497 2143 haec
525 2115 594 2144 eccl.
625 2119 671 2144 est
699 2116 783 2145 suffr.
817 2115 1025 2154 Salzeburgen.
1057 2118 1143 2153 (nont

195 2158 418 2195 Ratisbonen)

79 2202 134 2232 277
156 2201 195 2231 ad
211 2202 398 2241 Hipponen.:
411 2203 559 2232 Henricus
570 2204 606 2232 de
618 2204 725 2242 Lippia
742 2205 959 2242 (1389—1410)
976 2209 1041 2234 erat
1057 2205 1142 2234 suffr.

195 2257 341 2285 epporum
360 2247 492 2277 Minden..
513 2252 544 2277 et
564 2248 766 2278 Hildesemen.

79 2291 135 2320 305
157 2290 196 2319 ad
212 2291 353 2321 Lidden.:
374 2291 520 2321 Gaufrido
538 2294 636 2329 (1286)
655 2293 797 2322 successit
813 2294 947 2323 Andreas
965 2295 1051 2330 (1295
1069 2295 1104 2330 S.)

79 2336 135 2364 309
156 2334 195 2363 3(1
223 2335 376 2365 Lissanen.
406 2340 468 2366 not.
498 2338 529 2366 2:
561 2336 720 2375 Gregorius
749 2339 848 2374 (1373)
877 2341 942 2366 erat
970 2338 1055 2367 suffr.
1085 2338 1142 2376 epi.

195 2379 348 2410 Brixinen.
371 2382 455 2410 1386.

75 2424 132 2453 341
156 2423 195 2452 3(1
207 2423 449 2463 Milopotamen.:
463 2425 490 2454 N
493 2425 588 2454 icolao
600 2436 624 2454 c.
640 2427 713 2454 1349
726 2425 879 2460 defuncto,
893 2426 941 2454 cui
953 2426 1088 2455 Clemens
1101 2426 1143 2455 VI

195 2468 346 2498 Jacobum
368 2469 405 2498 de
427 2470 527 2498 Ponto
549 2470 718 2505 substituit,
742 2480 759 2499 a
782 2470 916 2508 capitulo
938 2470 1040 2508 Milop.
1064 2473 1143 2501 Mat-

192 2514 298 2543 thaeus
324 2513 362 2542 de
388 2514 470 2549 Pola,
498 2514 630 2543 thesaur.
658 2514 727 2543 eccl.
755 2514 945 2549 Archadien.,
973 2515 1086 2543 electus
1113 2519 1143 2544 et

191 2557 231 2585 ab
258 2557 335 2586 Urso
362 2568 446 2596 aepo.
471 2558 588 2588 Creten.
617 2558 753 2588 confirm.
782 2569 817 2587 ac
844 2569 973 2588 consecr.
1002 2562 1062 2588 est:
1091 2559 1143 2597 qui

192 2600 314 2639 quidem
337 2602 533 2640 postmodum
557 2602 637 2631 cedit
661 2607 691 2631 et.
715 2603 753 2631 ab
778 2603 881 2632 Innoc.
906 2603 949 2631 VI
973 2613 1141 2641 regressum

191 2645 230 2674 ad
246 2645 329 2675 illam
344 2646 565 2676 thesaurariam
581 2647 700 2676 obtinet
717 2648 791 2677 1353
809 2647 829 2676 J
831 2647 871 2676 ul.
890 2649 907 2676 6
925 2647 1010 2685 (Reg.
1029 2647 1099 2677 Vat.
1118 2651 1140 2677 t.

191 2690 246 2718 222
268 2690 288 2719 f.
310 2692 365 2721 367
388 2690 475 2729 epist.
499 2692 578 2728 209).

1249 704 1317 732 pag.

1249 739 1302 768 351
1326 738 1365 767 ad
1381 739 1541 768 Morincn.:
1560 740 1615 768 Die
1633 741 1649 768 2
1666 740 1737 769 Maii
1749 742 1823 769 1390
1839 742 1974 771 Clemcns
1986 743 2045 772 VII
2063 745 2162 781 (Avin.
2181 748 2226 780 59,
2245 748 2313 783 368)

1364 783 1490 821 Aegidio
1523 794 1587 822 epo.
1622 784 1751 814 Vauren.
1787 786 1922 821 mandat,
1957 791 1991 816 ut
2026 790 2177 819 Simonem
2210 790 2314 820 Bartel

1365 827 1399 856 O.
1425 828 1530 857 Praed.
1555 829 1594 857 ab
1618 829 1690 858 Urb.
1715 829 1758 858 VI
1782 830 1812 858 in
1836 841 1934 868 epum.
1960 832 2103 862 Morincn.
2128 839 2311 872 promotum.

1365 872 1415 910 qui
1438 882 1518 901 nunc
1540 873 1578 901 ad
1601 883 1687 902 suam
1710 874 1914 903 obedientiam
1938 876 2064 905 transire
2087 877 2246 914 desiderat,
2270 879 2314 908 di-

1365 916 1455 945 misso
1480 917 1601 946 nomine
1626 921 1657 946 et
1682 918 1772 947 titulo
1798 919 1854 957 epi.
1882 920 2026 950 Morincn.
2054 925 2146 960 atquc
2172 923 2316 961 abjurato

1364 960 1526 990 schismate
1552 972 1569 990 a
1593 962 1724 991 censuris
1740 963 1881 992 absolvat
1901 968 1932 992 ct
1953 975 2116 1003 congruam
2139 968 2314 1005 pensionem

1364 1015 1497 1034 annuam
1524 1016 1613 1044 super
1640 1007 1727 1036 fruct.
1756 1008 1825 1037 cccl.
1855 1008 1927 1037 Mor.
1957 1009 2096 1047 assignet.
2150 1011 2208 1041 cfr.
2236 1012 2314 1041 infra

1364 1050 1459 1079 addit.
1483 1050 1521 1079 ad
1544 1051 1709 1080 Tornacen.

1247 1104 1304 1132 353
1325 1103 1363 1131 ad
1377 1103 1539 1133 Mutinen.:
1555 1104 1712 1142 Philippus
1726 1105 1892 1138 Boschetti,
1907 1117 2059 1136 successor
2071 1109 2181 1138 Arditii
2196 1110 2226 1147 (†
2241 1111 2314 1140 1287

1364 1158 1402 1177 m.
1427 1148 1487 1177 Jul.
1510 1149 1557 1177 vel
1578 1149 1677 1187 Aug)
1702 1151 1774 1179 1287
1796 1151 1867 1179 Dec.
1890 1153 1906 1179 6
1928 1151 1970 1187 (in
1990 1151 2062 1181 disc.
2084 1163 2153 1182 cum
2176 1154 2313 1184 Guidone

1366 1191 1523 1231 Guidonis)
1539 1193 1651 1222 electus
1666 1198 1710 1222 est
1725 1198 1755 1222 et
1771 1195 1844 1223 1289
1860 1195 1930 1224 Dec.
1948 1198 1964 1224 6
1979 1196 2067 1231 obiit;
2084 1197 2148 1235 ejus
2162 1209 2315 1228 successor

1365 1236 1499 1266 Jacobus
1518 1239 1593 1266 1290
1610 1248 1648 1267 m.
1668 1238 1756 1267 Mart.
1776 1239 1887 1267 electus
1905 1244 1959 1269 est.

1247 1292 1302 1319 367
1325 1289 1363 1318 ad
1384 1290 1584 1328 Nigripontis:
1608 1291 1756 1326 Gasterus,
1778 1292 1828 1330 qui
1851 1294 1923 1321 1296
1943 1293 2085 1323 eximitur
2104 1305 2121 1323 a
2140 1296 2313 1333 patriarcha

1364 1334 1476 1369 Const.⁷
1498 1335 1561 1373 jam
1582 1346 1608 1364 a.
1632 1337 1705 1365 1289
1727 1347 1808 1374 cpus.
1833 1337 1945 1375 Nigr-ip.
1969 1343 2042 1367 erat.

1248 1389 1304 1416 403
1325 1387 1363 1416 ad
1384 1388 1535 1417 Polatcn.:
1557 1389 1612 1418 Die
1632 1390 1677 1418 22.
1699 1390 1770 1428 Apr.
1794 1391 1867 1419 1368
1888 1391 1960 1420 Urb.
1982 1391 2007 1419 V
2027 1402 2111 1430 aepo.
2132 1393 2310 1423 Antibaren.

1364 1436 1395 1461 ct
1412 1433 1504 1470 eppis.
1525 1433 1697 1463 Drivasten.
1717 1445 1751 1462 ac
1771 1434 1926 1464 8011131611.
1946 1436 2081 1471 mandat,
2101 1441 2135 1465 ut
2154 1437 2312 1467 Nicolaum

1364 1487 1463 1515 epum.
1476 1477 1713 1516 Philadelphien.
1727 1479 1909 1508 translatum
1921 1481 2019 1517 (1367)
2032 1481 2071 1509 ad
2082 1482 2151 1511 eccl.
2164 1482 2311 1517 Polaten.,

1363 1521 1395 1549 in
1404 1532 1495 1559 quam
1506 1522 1629 1560 quidam
1640 1523 1812 1552 Demetrius
1822 1524 1950 1552 Cosman
1959 1525 2056 1562 presb.
2068 1525 2160 1555 dioec.
2173 1527 2309 1557 Polaten.

1364 1576 1394 1594 se
1414 1565 1546 1599 intrusit,
1567 1567 1599 1595 in
1618 1568 1803 1605 corporalem
1822 1578 1947 1606 possess.
1970 1569 2063 1607 ipsius
2083 1570 2152 1599 eccl.
2174 1571 2310 1601 Polaten.

1364 1610 1510 1639 inducant
1531 1611 1615 1649 (Reg.
1637 1612 1725 1641 Avin.
1749 1613 1812 1647 167,
1837 1614 1914 1647 452).

1248 1664 1304 1692 423
1325 1663 1363 1692 3(1
1387 1664 1576 1694 Rosl<ilden.:
1600 1665 1731 1703 provisio
1755 1666 1882 1694 Joannis
1907 1667 1979 1695 1432
2004 1667 2073 1696 ι1311.
2092 1670 2108 1697 7
2126 1669 2211 1704 (n0n:
2237 1670 2312 1698 1430

1365 1708 1434 1737 Jan.
1455 1710 1484 1744 8)
1505 1709 1586 1738 facta
1605 1710 1724 1738 nonnisi
1743 1710 1773 1738 in
1792 1711 1850 1739 vol.
1872 1711 1903 1739 II
1922 1712 2102 1740 recensenda
2122 1716 2175 1742 est.

1249 1762 1303 1790 446
1324 1761 1362 1790 ad
1387 1761 1557 1791 Scutaren.:
1582 1762 1636 1791 Die
1658 1764 1675 1791 8
1697 1763 1767 1792 Maii
1792 1765 1864 1792 1368
1887 1764 1959 1793 Urb.
1978 1764 2003 1793 V
2019 1775 2103 1803 aePO.
2120 1766 2309 1802 Antibaren.‚

1362 1816 1426 1844 epo.
1463 1806 1598 1841 Suacen.,
1632 1807 1737 1836 abbati
1770 1818 1848 1837 mon.
1882 1819 1904 1837 s.
1939 1809 2023 1837 Pauli
2055 1810 2190 1839 Polaten.
2225 1821 2308 1839 man-

1361 1850 1424 1884 dat,
1451 1855 1485 1879 ut
1508 1851 1677 1880 Antonium
1701 1862 1799 1890 epum.
1829 1852 1983 1882 Scutaren.
2010 1853 2040 1881 in
2064 1864 2188 1891 possess.
2215 1855 2309 1893 ipsius

1361 1895 1429 1924 eccl.
1457 1895 1549 1929 scut„
1573 1896 1602 1924 in
1627 1906 1719 1934 quam
1744 1896 1887 1934 Georgius
1910 1897 1947 1926 (10
1973 1897 2095 1926 8111111113
2119 1899 2216 1936 presb.
2242 1899 2308 1928 Dri-

1360 1944 1476 1969 vasten.
1496 1951 1525 1968 se
1543 1940 1676 1975 intrusit,
1695 1941 1841 1970 inducant
1860 1942 1945 1979 (Reg.
1965 1942 2054 1971 Avin.
2074 1946 2095 1971 t.
2117 1944 2169 1972 167
2189 1943 2208 1972 f.
2228 1945 2306 1980 414).

1244 1993 1297 2022 451
1321 1992 1359 2020 ad
1380 1992 1497 2030 Signen.
1517 1998 1579 2022 not.
1600 1996 1630 2022 6:
1649 1994 1812 2029 Conradus,
1832 2005 1847 2023 a
1869 1994 1991 2024 Gamsio
2009 1995 2047 2023 ad
2065 2006 2091 2025 a.
2113 1997 2235 2032 1426l27
2255 1997 2306 2025 ada

1359 2037 1497 2075 scriptus,
1513 2037 1593 2066 idem
1607 2048 1670 2067 esse
1685 2038 1805 2067 videtur
1820 2043 1912 2077 atque
1927 2040 1974 2068 ille
1990 2039 2143 2069 Conradus
2160 2040 2307 2079 (Simplex

1359 2081 1393 2110 Ο.
1406 2082 1535 2119 Praem.)
1547 2093 1592 2120 ep.
1608 2082 1736 2120 Signen„
1750 2083 1800 2121 qui
1811 2083 1873 2122 jam
1886 2085 2010 2119 1411s14
2021 2084 2105 2113 suffr.
2118 2084 2174 2122 epi.
2187 2085 2304 2114 Curien.

1358 2126 1477 2163 agebat.

1242 2179 1298 2208 454
1319 2179 1358 2208 ad
1372 2179 1557 2209 Sistariccn.:
1570 2180 1660 2209 Petro
1672 2181 1745 2209 1292
1757 2185 1898 2219 promoto
1909 2191 1992 2219 cogn.
2006 2185 2051 2210 est
2063 2181 2306 2216 ,‚d’Alamanon“

1358 2224 1443 2260 (nonz
1466 2223 1650 2261 d’Alamon).

1241 2276 1298 2305 490
1319 2276 1357 2304 ad
1377 2276 1540 2306 Tornacen.
1561 2281 1624 2306 not.
1648 2279 1684 2306 10
1702 2278 1890 2307 addendum:
1912 2278 1988 2313 „Die
2009 2279 2034 2308 2.
2056 2278 2127 2307 Maii
2148 2280 2223 2308 1390
2242 2279 2304 2308 Cle-

1357 2331 1440 2349 mens
1457 2321 1516 2350 VII
1534 2322 1634 2358 (Avin.
1653 2326 1674 2351 t.
1692 2324 1728 2351 59
1745 2322 1764 2351 f.
1783 2324 1850 2358 352)
1868 2322 1992 2360 Aegidio
2009 2333 2073 2360 epo.
2091 2323 2232 2358 Vauren.,
2250 2334 2305 2352 suo

1357 2365 1395 2393 ad
1415 2369 1516 2403 partes
1536 2366 1694 2394 Flandriae
1714 2366 1830 2401 nuntio,
1852 2367 1987 2401 mandat,
2009 2371 2044 2395 ut
2066 2367 2248 2396 Guilelmum
2267 2368 2304 2396 (16

1357 2409 1582 2447 Frigidomonte
1611 2410 1872 2449 (Cordcmberghe)
1902 2411 1941 2439 ab
1970 2411 2042 2440 Urb.
2073 2411 2115 2440 VI
2143 2412 2174 2440 in
2202 2422 2303 2450 epum.

1356 2453 1444 2483 Torn.
1459 2458 1642 2492 promotum,
1657 2455 1707 2493 qui
1720 2465 1799 2484 nunc
1811 2455 1850 2484 ad
1862 2465 1948 2484 suam
1961 2455 2164 2484 obedientiam
2177 2456 2304 2485 transire

1355 2497 1516 2533 desiderat,
1547 2498 1689 2537 abjurato
1719 2499 1880 2528 schismate
1910 2504 1941 2528 et
1970 2499 2093 2528 dimisso
2122 2500 2243 2529 nomine
2274 2504 2304 2529 et

1356 2541 1446 2571 titulo
1472 2543 1528 2581 epi.
1556 2543 1729 2575 Tomacen..
1756 2554 1773 2572 a
1799 2544 1930 2573 censuris
1956 2544 2025 2573 eccl.
2052 2544 2192 2573 absolvat
2217 2544 2303 2582 eique

1355 2596 1519 2625 congruam
1527 2597 1610 2625 pens.
1621 2597 1754 2616 annuam
1763 2598 1852 2626 super
1861 2588 1949 2617 fruct.
1961 2588 2030 2617 eccl.
2042 2588 2129 2618 Torn.
2140 2588 2304 2627 assignet.“

1356 2630 1413 2660 Cfr.
1433 2641 1523 2669 supra
1541 2631 1635 2661 addit.
1655 2631 1694 2660 ad
1712 2632 1856 2661 Morincn.
