2470 3158
173 117 217 148 VI

284 219 339 249 At
367 229 506 255 nova,
536 228 651 258 quae
678 217 781 247 usui
811 226 910 247 esse
938 218 1188 256 poterant,
1217 215 1408 245 adiecta
1436 218 1545 245 sunt
1572 214 1697 246 haec:
1730 215 2064 256 tumsubscriptiones
2080 218 2299 256 cardinalium,
2315 223 2415 260 prout

172 272 363 304 exhibentur
391 272 422 302 in
453 271 626 302 Potthastii
655 270 784 311 regestis
814 268 1009 299 Pontificum
1036 269 1255 299 Romanorum
1283 267 1475 308 supradictis
1501 271 1572 299 tum
1599 278 1681 309 quae
1710 268 1750 299 de
1772 268 1987 300 cardinalibus
2013 281 2032 300 a
2058 271 2146 302 curia
2173 271 2320 303 Romana
2346 273 2411 304 dis-

172 325 358 357 cedentibus
375 336 474 366 eoque
491 323 697 355 redeuntibus
714 323 745 354 in
765 323 872 360 „libris
889 321 1120 362 obligationum
1138 325 1170 352 et
1186 321 1403 352 solutionum“
1422 325 1536 352 notata
1553 322 1771 359 inveniuntur,
1789 325 1860 352 tum
1876 322 1930 353 illa
1946 323 2141 362 testimonia,
2159 335 2242 366 quae
2259 325 2412 357 Baluzius

171 380 203 410 in
218 379 300 410 Vitis
314 389 470 420 paparum
484 377 753 409 Avenionensium
768 376 922 407 exhibuit.
939 394 978 396 —
993 375 1169 416 Postquam
1184 375 1286 415 prima
1301 385 1374 415 pars
1388 375 1434 405 ita
1448 375 1571 416 digesta
1586 379 1713 415 praesto
1728 375 1799 412 fuit,
1815 386 1855 406 ex
1869 375 1928 406 hac
1942 376 2011 417 ipsa
2025 377 2248 409 stabiliebatur
2261 379 2293 410 in
2307 379 2409 411 altera

172 436 262 473 parte
282 433 375 463 series
395 431 602 462 cardinalium
623 430 797 461 secundum
818 429 928 460 titulos
949 431 1016 459 tam
1036 432 1123 459 certo
1143 428 1248 465 mod0,
1270 432 1307 458 ut
1326 428 1569 469 discrepantiae,
1590 439 1673 469 quae
1693 428 1769 460 alibi
1789 428 2017 467 invenirentur,
2039 440 2128 461 secus
2148 431 2258 463 haberi
2278 436 2411 473 possent

171 490 204 517 et
220 486 261 517 ad
277 485 501 516 annotationes
517 484 655 524 relegari.
674 502 713 505 ——
730 483 767 513 In
785 486 875 523 parte
893 482 987 512 tertia
1004 492 1066 512 non
1084 482 1187 512 solum
1203 485 1432 512 enumerantur
1447 482 1657 513 cardinalium
1673 482 1803 513 nomina
1819 486 1853 513 et
1868 483 2057 524 cognomina
2073 484 2249 516 secundum
2265 485 2410 517 ordinem

170 539 359 575 litterarum,
380 538 434 569 sed
454 538 597 569 adiectae
617 541 692 568 sunt
711 537 809 567 etiam
828 535 1103 566 denominationes
1124 535 1279 576 vulgareS,
1300 545 1382 575 quae
1402 535 1433 566 in
1454 535 1616 566 codicibus
1636 535 1786 566 tabularii
1806 535 1954 567 Vaticani
1974 537 2184 577 reperiuntur.
2224 538 2304 570 Inde
2323 539 2410 571 enim

171 603 189 623 a
206 592 331 623 saeculo
348 592 436 622 XIV.
456 602 492 622 ac
509 591 657 631 deinceps
674 601 742 620 mos
759 589 895 620 invaluit
912 588 1166 619 adhibendarum
1185 588 1400 629 „vulgariter“
1419 593 1545 629 praeter
1563 588 1674 620 titulos
1691 588 1826 620 aliarum
1842 589 2100 630 designationum
2117 591 2148 622 in
2167 591 2408 624 nomenclatura

170 645 388 677 cardinalium.
426 645 542 681 Veluti,
563 645 587 675 si
607 644 737 674 fuerunt
755 643 893 684 episcopi
912 643 978 673 sive
997 642 1141 679 abbates,
1162 643 1291 673 nomina
1311 642 1571 673 adsciscebantur
1589 642 1780 673 dioecesium
1800 644 2117 681 monasteriorumve,
2137 645 2162 675 si
2183 655 2257 676 vero
2275 645 2411 684 nobiles,

170 700 299 730 nomina
314 698 506 729 familiarum
522 697 733 734 addebantur,
750 707 786 726 ac
802 696 1036 736 designationes
1051 695 1188 736 denique
1204 696 1337 736 patriae,
1355 696 1438 727 unde
1454 695 1579 726 oriundi
1595 699 1696 733 erant,
1713 699 1894 727 occurrunt.
1925 696 2138 728 Conferantur
2152 698 2290 740 exempli
2304 699 2412 740 gratia.

169 753 298 783 nomina
319 755 474 792 quattuor
494 750 712 787 cardinalium,
734 760 813 790 quos
835 749 964 780 ultimos
985 749 1106 779 creavit
1127 748 1334 780 Innocentius
1355 749 1428 780 VII.
1452 751 1495 790 (p.
1518 750 1556 780 26
1578 760 1608 780 n.
1631 750 1755 788 8—11).

270 806 308 836 In
327 805 391 836 lib
403 813 418 835 r
430 814 449 836 0
480 814 495 836 s
507 814 524 836 e
537 813 553 835 c
565 813 587 835 u
599 813 621 834 n
633 804 653 834 d
664 812 684 835 ο
714 804 801 835 sedes
821 803 1059 838 ecclesiasticae,
1081 811 1144 838 quo
1163 803 1287 834 facilius
1306 803 1517 838 inveniantur,
1537 803 1646 835 ordine
1665 803 1842 835 litterarum
1860 804 2006 839 explicite
2033 805 2270 837 enumerantur.

270 858 317 889 De
337 858 532 889 dioecesibus
553 857 781 898 quadrifariam
802 856 949 887 refertur:
972 867 992 896 p
1006 856 1087 886 rim
1101 867 1119 886 0
1139 855 1208 886 loco
1228 855 1436 896 significatur,
1458 867 1522 896 qua
1542 856 1581 887 de
1602 867 1698 887 causa
1720 856 1832 896 (veluti
1854 868 1932 898 „per
1951 857 2098 888 obitum“
2119 858 2187 889 sive
2207 869 2285 900 „per
2304 862 2411 890 trans—

168 911 341 943 lationem“
363 912 429 942 sive
453 922 529 952 „per
550 910 766 941 amotionem“
789 909 972 948 decessoris)
995 910 1197 949 episcopatus
1219 908 1356 946 vacarit3
1379 913 1393 940 t
1406 921 1471 940 um
1494 910 1679 940 nominatur
1699 920 1802 941 novus
1824 911 1990 951 episcopus
2012 911 2236 953 indicaturque
2255 899 2410 954 dignitas,

168 976 232 1006 qua
246 969 341 996 antea
356 964 485 995 functus
499 968 581 1001 erat3
598 968 611 994 t
625 975 640 995 e
654 975 668 994 r
682 967 695 993 t
709 964 717 994 i
731 974 749 993 o
764 966 896 993 notatur
910 966 1047 1003 tempus,
1062 973 1126 1003 quo
1141 963 1181 993 ad
1196 963 1285 994 illum
1299 963 1519 1004 episcopatum
1534 963 1576 994 sit
1591 967 1771 1004 promotus;
1786 974 1807 1005 q
1821 974 1842 994 u
1855 974 1874 995 a
1886 975 1902 994 r
1914 967 1929 995 t
1941 975 1960 994 0
1973 964 2104 995 demum
2118 964 2216 1003 locus,
2230 965 2287 997 ubi
2301 968 2410 997 exstet

168 1018 396 1049 documentum
418 1018 636 1059 promotionis,
658 1017 865 1057 significatur.

269 1072 333 1102 Ubi
350 1073 403 1110 (sc.
421 1075 536 1112 quarto
552 1071 632 1110 loco)
649 1071 674 1101 si
690 1070 866 1101 remittitur
881 1069 922 1100 ad
937 1070 1106 1110 registrum
1124 1069 1246 1101 Summi
1263 1070 1428 1101 Pontificis
1445 1070 1518 1110 (cui,
1539 1070 1599 1101 nisi
1623 1070 1655 1101 in
1672 1070 1831 1101 tabulario
1853 1070 2011 1102 Vaticano
2029 1071 2228 1104 strictissime
2245 1072 2290 1103 sic
2307 1071 2406 1110 dioto,

167 1125 222 1156 sed
238 1125 344 1165 potius
358 1126 388 1155 in
406 1125 617 1155 Avenionensi
636 1124 685 1154 vel
702 1123 909 1154 Lateranensi
927 1122 1093 1153 tabulariis
1114 1123 1143 1154 S.
1165 1123 1254 1154 Sedis
1281 1127 1472 1160 asservatur,
1508 1123 1639 1155 additur
1657 1123 1761 1161 ,‚Av“.
1782 1124 1832 1155 vel
1850 1124 1979 1163 „Lat.“)
1999 1124 2049 1156 vel
2066 1125 2165 1156 etiam
2181 1125 2223 1156 ad
2240 1125 2410 1166 Arm[arii]

167 1177 234 1208 XII
253 1178 305 1209 lib.
328 1179 393 1215 121,
413 1179 443 1209 in
462 1189 525 1218 qno
544 1178 739 1218 provisiones
758 1177 798 1207 ab
818 1176 999 1207 Alexandro
1019 1176 1066 1213 V.‚
1089 1177 1215 1207 Joanne
1233 1177 1375 1214 XXIII.,
1395 1177 1534 1208 Martino
1563 1177 1599 1208 V.
1629 1177 1763 1208 effectae
1791 1188 1810 1208 a
1837 1178 1991 1219 scriptore
2017 1178 2159 1219 quodam
2185 1189 2266 1211 saec.
2295 1177 2405 1211 XVII.

167 1235 243 1262 sunt
261 1231 461 1272 compilatae,
484 1231 541 1268 vel,
560 1231 583 1261 si
605 1231 856 1261 instrumentum
876 1230 1065 1270 provisionis
1085 1241 1147 1260 non
1168 1230 1328 1267 exstabat,
1348 1230 1389 1261 ad
1410 1230 1525 1267 „Obl.“
1547 1231 1565 1262 i.
1586 1242 1612 1262 e.
1633 1231 1674 1262 ad
1693 1229 1808 1268 tomos,
1828 1232 1860 1262 in
1879 1231 1996 1272 quibus
2014 1231 2175 1263 habentur
2193 1231 2410 1274 obligationes

167 1284 381 1325 praelatorum
401 1296 457 1325 pro
476 1284 628 1315 solvendo
647 1284 776 1315 servitio
797 1283 958 1314 communi
979 1283 1153 1321 faciendae,
1175 1294 1257 1324 quae
1279 1284 1367 1315 brevi
1389 1288 1462 1324 post
1478 1284 1691 1325 provisionem
1705 1284 1826 1315 factam
1841 1285 1996 1326 praestari
2012 1284 2172 1317 solebant:
2194 1285 2409 1318 statuendum

167 1341 215 1368 est
236 1338 429 1378 episcopum,
451 1338 492 1368 ad
513 1349 608 1378 quem
629 1337 681 1368 illa
699 1337 837 1368 fontium
855 1336 1006 1368 indicatio
1025 1341 1073 1368 est
1090 1336 1263 1374 referenda,
1291 1348 1346 1378 per
1373 1338 1585 1378 provisionem
1612 1338 1822 1378 apostolicam
1848 1349 1915 1369 esse
1932 1342 2125 1379 promotum.
2170 1338 2232 1376 Qui
2257 1338 2283 1370 si
2309 1349 2329 1370 a
2353 1349 2406 1371 ca-

167 1391 268 1431 pitulo
286 1391 460 1422 cathedrali
477 1395 552 1422 ante
570 1391 783 1432 provisionem
803 1391 923 1421 factam
943 1390 1062 1421 electus
1085 1394 1163 1427 erat,
1186 1391 1326 1421 secundo
1350 1391 1418 1421 loco
1437 1391 1619 1422 addebatur
1642 1391 1819 1431 ‚‚el[ectus]‚
1847 1391 2054 1433 prov[isus]“.
2093 1392 2214 1424 Tamen
2242 1391 2406 1424 interdum

166 1444 292 1481 accidit,
313 1448 350 1475 ut
372 1444 467 1475 Sedes
487 1444 671 1485 Apostolica
691 1444 827 1475 electum
846 1455 864 1475 a
882 1444 1023 1484 capitulo
1041 1444 1171 1475 reiceret
1189 1447 1222 1475 et
1240 1455 1296 1485 pro
1314 1455 1351 1475 eo
1369 1444 1466 1475 alium
1485 1445 1675 1482 nominaret,
1694 1456 1767 1476 cum
1785 1445 1947 1476 electionis
1964 1445 2095 1476 habitae
2112 1445 2165 1477 vel
2177 1446 2300 1477 mentio
2312 1445 2406 1478 fieret

167 1497 217 1528 vel
239 1508 312 1528 non.

270 1551 302 1582 Si
320 1562 395 1582 vero
413 1552 483 1592 quis
502 1551 681 1592 provisione
699 1551 780 1582 sedis
799 1550 991 1592 apostolicae
1008 1551 1196 1593 generaliter
1214 1551 1357 1582 nondum
1376 1552 1503 1592 vigente
1521 1551 1626 1583 fuerat
1644 1556 1810 1593 promotus
1829 1552 1897 1592 (sed
1915 1563 1934 1583 a
1952 1551 2093 1593 capitulo
2111 1551 2288 1584 cathedrali
2305 1552 2408 1595 ipsius

165 1604 343 1635 dioeceseos
357 1604 499 1643 electus),
515 1616 617 1645 neque
633 1605 729 1645 igitur
742 1605 972 1635 documentum
987 1605 1018 1635 in
1035 1605 1194 1636 tabulario
1209 1605 1366 1635 Vaticano
1381 1605 1420 1636 de
1435 1605 1495 1636 hac
1510 1616 1542 1636 re
1558 1609 1665 1646 potest
1680 1610 1815 1643 exstare,
1831 1605 1875 1637 illi
1890 1605 1950 1637 loci
1965 1605 2158 1643 indicantur,
2173 1605 2291 1647 quibus
2307 1605 2407 1638 Gam-

166 1658 231 1688 sius
253 1657 472 1688 celeberrimus
494 1658 545 1689 ille
567 1662 679 1689 auctor
701 1658 813 1699 operis,
837 1658 886 1688 cui
909 1658 1036 1690 titulus:
1062 1658 1186 1695 „Series
1208 1659 1461 1699 episcoporum“,
1484 1659 1551 1690 sive
1572 1659 1625 1690 alii
1647 1659 1781 1690 eandem
1803 1671 1869 1690 rem
1891 1660 2076 1700 tetigerunt.

273 1710 430 1747 Quoniam
448 1715 557 1742 autem
575 1723 592 1742 e
610 1711 764 1752 Registris
784 1711 986 1742 Summorum
1004 1712 1209 1749 Pontificum,
1228 1712 1367 1743 maxime
1385 1712 1507 1743 Urbani
1518 1712 1585 1750 VI„
1605 1712 1712 1753 aliqua
1731 1716 1913 1754 temporum
1930 1713 2102 1753 iniquitate
2119 1712 2282 1753 perierunt
2298 1722 2406 1754 neque

166 1763 205 1794 de
221 1764 464 1804 provisionibus,
481 1775 563 1806 quae
579 1765 610 1795 in
626 1765 765 1805 registris
780 1765 953 1805 deperditis
968 1765 1104 1802 inerant,
1130 1765 1192 1796 alia
1216 1766 1430 1796 instrumenta
1454 1766 1485 1796 in
1508 1765 1666 1797 tabulario
1682 1766 1839 1797 Vaticano
1855 1769 1995 1803 exstant,
2021 1776 2092 1797 raro
2108 1766 2207 1797 etiam
2222 1765 2264 1797 ad
2281 1765 2404 1798 Gamsii

168 1827 247 1857 opus
266 1818 491 1849 recurrendum
510 1822 588 1849 erat.
930 1817 933 1820 ’
2315 1827 2322 1832 ’

267 1870 439 1911 Reliquum
468 1875 526 1908 est,
550 1875 588 1902 ut
617 1871 656 1902 de
691 1871 1017 1912 appendicibus
1050 1883 1152 1913 pauca
1175 1872 1329 1903 dicamus.
1374 1872 1492 1904 Iisdem
1514 1883 1600 1910 vero,
1633 1873 1751 1914 quibus
1785 1873 1870 1914 prior
1907 1873 2016 1910 editio,
2050 1873 2129 1904 haec
2163 1872 2266 1905 altera
2287 1876 2406 1914 ornata.

165 1927 214 1954 est
241 1924 470 1965 appendicibus
496 1925 632 1962 duabus,
661 1935 798 1966 quarum
826 1925 852 1956 Ι.
883 1925 1013 1956 exhibet
1035 1926 1233 1957 Provinciale
1257 1925 1416 1957 Ecclesiae
1436 1926 1613 1964 Romanae,
1641 1927 1660 1957 i.
1682 1937 1708 1957 e.
1730 1931 1938 1968 conspectum
1960 1926 2083 1958 sedium
2105 1925 2334 1968 episcopalium
2355 1937 2403 1958 se-

165 1977 306 2008 cundum
327 1978 406 2008 situs
435 1982 601 2016 terrarum,
626 1989 691 2019 qua
712 1979 744 2009 in
766 1979 941 2020 appendice
958 1978 1155 2010 conficienda
1178 1979 1371 2020 exemplaria
1393 1990 1473 2010 saec.
1500 1979 1596 2011 XIII.
1623 1980 1674 2011 vel
1699 1980 1797 2011 etiam
1817 1981 1904 2021 prius
1925 1980 2103 2021 composita
2120 1979 2333 2022 adjuvabant,
2355 1979 2406 2011 ita

165 2034 284 2068 tamen,
305 2034 342 2061 ut
367 2034 400 2062 et
427 2031 584 2062 dioeceses
619 2035 730 2072 postea
764 2031 909 2063 conditas
942 2032 1094 2063 adderem
1132 2036 1164 2063 et
1201 2032 1289 2070 alias,
1322 2032 1363 2063 ad
1394 2043 1474 2073 quas
1504 2033 1664 2074 praesules
1696 2044 1759 2064 non
1795 2033 1862 2075 jam
1890 2033 2175 2075 promovebantur,
2202 2033 2402 2071 omitterem;

166 2083 209 2114 II.
232 2094 308 2114 vero
330 2085 459 2116 nomina
482 2085 673 2116 dioecesium
699 2085 843 2126 vulgaria
867 2085 977 2116 ordine
997 2085 1200 2126 alphabetico
1222 2086 1321 2117 allata
1343 2086 1576 2117 subministrat.

265 2137 397 2168 Accedit
418 2142 527 2169 autem
552 2138 593 2169 ad
616 2138 673 2169 has
699 2138 779 2170 duas
804 2138 966 2180 appendix
991 2139 1065 2176 ΙΙΙ.,
1094 2139 1125 2170 h.
1155 2150 1181 2170 e.
1217 2139 1364 2170 elenchus
1394 2140 1538 2171 omnium
1561 2140 1793 2181 episcoporum,
1822 2141 1877 2181 qui
1898 2141 2010 2172 eodem
2032 2144 2186 2181 tempore,
2219 2140 2308 2181 quod
2339 2139 2402 2172 hoc

163 2190 324 2221 volumine
340 2191 572 2232 complectitur,
598 2192 816 2233 suffraganeos
841 2203 896 2223 seu
919 2192 1087 2224 auxiliares
1112 2192 1247 2223 aliorum
1272 2193 1493 2234 episcoporum
1518 2193 1667 2234 agebant,
1694 2197 1727 2224 et
1752 2193 1894 2234 digestus
1915 2193 2045 2235 quidem
2070 2194 2181 2225 ordine
2207 2193 2402 2226 dioecesium

2463 2043 2470 2108 *:-i.-
2459 1927 2470 2032 mim*

2463 2186 2470 2232 ἐ

163 2254 272 2274 earum
294 2245 378 2275 orbis
400 2245 548 2276 catholici
570 2246 720 2286 partium,
753 2256 795 2276 sc.
819 2245 943 2282 Italiae,
966 2245 1142 2287 Hispaniae
1164 2251 1197 2277 et
1219 2246 1442 2287 Portugalliae,
1477 2246 1608 2284 Galliae,
1641 2247 1805 2278 Britaniae
1833 2247 1974 2289 majoris,
2019 2246 2120 2288 Belgii
2142 2250 2175 2278 et
2197 2246 2399 2285 Hollandiae,
2439 2256 2441 2273 ε
2462 2271 2470 2276 ,.

162 2296 340 2334 Helvetiae,
365 2298 563 2335 Germaniae,
586 2299 733 2330 Austriae
753 2303 785 2330 et
806 2299 1000 2340 Hungariae,
1023 2299 1182 2337 Poloniae,
1204 2300 1236 2330 in
1257 2299 1374 2340 quibus
1395 2300 1593 2341 pontificalia
1614 2300 1817 2331 exercebant.

265 2350 301 2381 In
321 2351 423 2391 priore
440 2351 569 2392 quidem
587 2352 680 2383 huius
698 2352 791 2393 primi
808 2352 980 2383 voluminis
998 2352 1137 2384 editione
1154 2352 1205 2383 ille
1225 2353 1374 2384 elenchus
1391 2364 1455 2384 non
1478 2354 1651 2390 invenitur,
1672 2364 1744 2384 cum
1761 2353 1916 2384 volumini
1937 2353 2028 2384 alteri
2046 2353 2217 2384 adiunctus
2239 2354 2292 2391 sit,
2314 2363 2402 2385 com-

163 2403 304 2444 plectens
325 2404 367 2434 ibi
387 2408 419 2435 et
442 2405 535 2445 primi
554 2409 587 2436 et
608 2405 737 2436 secundi
761 2405 961 2436 voluminum
983 2406 1090 2446 spatia
1116 2406 1279 2447 temporis.

264 2457 429 2488 Postremo
452 2468 554 2489 novae
580 2458 829 2496 emendationes,
855 2469 937 2499 quae
962 2459 994 2489 in
1017 2459 1112 2490 tomis
1139 2459 1172 2489 II
1197 2463 1230 2490 et
1252 2459 1304 2490 III
1330 2463 1422 2490 erant
1445 2460 1619 2497 faciendae,
1645 2459 1876 2501 adjunguntur.
