2482 3178
160 129 225 160 200
1014 124 1334 169 compostellan„
1357 124 1557 160 Conchen.

161 231 211 262 ob.
234 231 382 262 Roderici
405 231 509 270 (1304)
613 230 784 261 Roderieus
806 229 857 260 del
879 228 1016 266 Padron,
1041 228 1102 259 obl.
1127 239 1159 259 se

160 284 339 316 ob.R0der.
353 285 444 324 (1316
456 284 538 315 Nov.
551 285 581 324 3)
613 283 821 318 Berengarius
840 282 879 313 de
898 282 1072 319 Landorra,
1093 293 1176 323 mag.
1198 293 1267 322 gen.
1290 282 1325 313 O.
1348 282 1490 322 Praed.⁷)

160 338 211 369 ob.
235 338 366 379 Bereng.
391 339 495 377 (1325)
616 337 755 368 Joannes
778 335 974 375 (Fernandez
997 335 1036 366 de
1058 335 1184 375 Limia),
1208 346 1256 376 ep.
1280 335 1438 367 Palentin.

160 392 211 423 ob.
236 392 377 423 Joannes
400 392 504 430 (1338)
613 391 768 422 Martinus
788 389 947 420 Fernandi
968 389 1083 428 (Gres),
1105 400 1173 420 can.
1195 388 1317 429 Comp.,
1341 388 1390 426 61.,
1412 400 1501 430 prov.

160 445 210 476 ob.
234 445 363 476 Martini
613 445 733 479 Petrus,
757 454 805 483 ep.
829 442 987 473 Palentin.

160 499 210 530 ob.
234 499 320 529 Petri
343 500 383 538 (a.
407 509 430 529 s,
454 499 497 537 a.)
617 497 835 531 Gundisalvus,
859 496 896 527 61.
922 495 1088 536 Seguntin.

160 556 199 583 tr.
229 552 333 583 Gund.
359 552 401 582 ad
427 551 569 582 Toletan.
616 551 777 582 Gometius
801 549 1003 590 (Manrique),
1027 560 1075 590 ep.
1100 549 1222 580 Tuden.

161 610 199 636 tr.
223 605 314 637 Gom.
336 605 377 636 ad
397 605 540 636 Toletan.
616 605 762 639 Sugerius
785 603 941 642 (Gomez),
957 602 1096 633 decanus
1111 602 1266 640 Toletan„
1290 602 1432 634 subdiac.

1575 229 1652 260 1307
1682 230 1758 261 Maii
1790 231 1824 260 11

1575 283 1651 314 1317
1682 283 1760 315 Julii
1790 285 1827 314 15

1575 337 1653 367 1330
1685 337 1755 368 Oct.
1788 338 1826 367 26

1575 391 1652 420 1339
1683 391 1758 422 Jan.
1788 390 1826 421 27

1575 444 1652 474 1343
1683 444 1770 485 Sept.
1802 445 1838 474 12

1576 498 1653 527 1348
1679 498 1759 538 Aug.
1790 498 1827 528 14

1575 551 1650 580 1351
1683 551 1772 582 Junii
1799 552 1818 581 8

1575 604 1652 634 1362
1682 604 1758 635 Maii
1788 606 1806 635 2

160 659 210 690 ob.
229 659 301 700 Sug.
319 660 409 698 (1366
426 659 502 689 Jun.
518 659 569 697 29)
612 658 764 688 Alfionsus
785 656 836 696 (de
857 657 1023 695 Mosooso),
1046 667 1093 697 ep.
1115 656 1270 693 Mindon„
1292 656 1419 697 postul.,
1442 667 1531 697 prov.
1575 658 1652 687 1366
1678 658 1760 689 Nov.
1790 659 1826 689 13

159 713 210 744 ob.
234 712 354 743 Alfonsi
612 711 784 742 Rodericus
805 710 857 749 (de
877 710 1044 749 Moscoso),
1066 709 1167 740 adiac.
1189 710 1229 741 de
1252 709 1348 747 Saux,
1370 710 1419 747 e1.,
1442 721 1531 751 prov.
1576 710 1652 741 1367
1681 711 1757 742 Dec.
1790 712 1826 742 16

339 793 344 798 .
368 793 373 797 .
568 762 578 809 Ι
615 765 754 796 Joannes
778 763 907 803 (Garcia
928 763 1119 804 Maurique),
1143 774 1191 804 ep.
1216 763 1383 804 Burgen.·‘')
1576 765 1652 795 1382
1679 765 1759 806 Aug.
1790 766 1824 795 11

159 793 209 823 Ob·
229 792 375 824 R⁰der¹⁰¹
570 812 578 858 1
616 819 788 853 cromatius,
812 817 874 847 obi.
899 828 931 848 se
1575 819 1652 848 1388
1679 819 1759 859 Aug.
1787 820 1806 849 4

158 872 208 903 ob.
234 873 368 904 Joannis
613 872 718 907 Lupus
740 871 779 902 de
801 870 966 921 Mendoza,
990 881 1038 911 ep.
1062 870 1257 901 Mindonien.
1282 871 1313 910 (†
1338 872 1427 910 1445)

1573 882 1598 902 ο.
1625 872 1742 911 140710)

747 971 958 1014 compsan.
982 983 1007 1004 v.
1034 971 1203 1006 Consan.
1228 993 1268 996 —
1295 972 1512 1009 Gonavien.
1536 984 1561 1005 v.
1588 972 1809 1008 eunavien.

719 1069 915 1104 conchen.
940 1069 1131 1112 (Cuenca)
1155 1072 1187 1102 in
1216 1072 1388 1112 Hispania.
1414 1072 1503 1104 suffr.
1529 1072 1678 1104 Toletan.
1704 1072 1786 1113 (500
1809 1073 1841 1104 ss.

1853 225 1854 231 ¹
1869 230 1931 262 Cle.
1946 231 1974 262 V
1986 232 2035 263 ed.
2050 243 2091 264 m.
2106 233 2184 264 Ben.
2198 245 2272 275 app.
2287 234 2302 265 I
2317 246 2347 266 n.
2361 236 2406 266 40

1871 284 1922 315 J0.
1948 285 2051 316 XXII
2077 287 2113 326 (t.
2140 288 2191 327 66)
2217 298 2265 329 ep.
2292 289 2403 329 40908)

1871 338 1922 369 Jo.
1938 338 2040 370 XXII
2056 350 2083 370 a.
2102 341 2139 371 15
2155 342 2191 380 (t.
2208 342 2259 380 98)
2276 352 2324 383 ep.
2342 343 2405 373 324

1869 391 1946 423 Ben.
1967 392 2035 423 XII
2055 404 2083 424 a.
2103 395 2122 424 5
2142 395 2178 433 (t.
2202 394 2272 434 127)
2292 406 2341 436 ep.
2362 396 2399 426 41

1868 445 1930 476 Cle.
1954 445 1999 476 VI
2021 457 2049 477 a.
2073 447 2090 477 2
2114 448 2150 486 (t.
2175 447 2245 487 157)
2268 459 2317 490 ep.
2344 449 2405 480 167

1868 498 1930 530 Cle.
1954 499 1999 530 VI
2021 510 2049 530 a.
2073 500 2090 531 7
2114 502 2150 540 (t.
2176 501 2245 541 187)
2269 513 2317 543 ep.
2343 503 2405 533 148

1868 552 1931 583 Cle.
1954 552 1999 583 VI
2022 564 2050 584 a.
2075 554 2113 583 10
2135 555 2171 594 (t.
2194 555 2266 594 206)
2289 566 2338 596 ep.
2361 557 2405 587 28

1868 605 1939 637 Inn.
1966 606 2012 637 VI
2038 606 2098 638 Av.
2126 611 2149 638 t.
2176 609 2215 639 28
2241 608 2262 639 f.
2293 610 2350 639 114

1868 659 1946 690 Urb.
1973 659 2001 690 V
2026 660 2086 691 Av.
2114 665 2137 692 t.
2167 663 2204 692 15
2229 661 2251 693 f.
2278 663 2317 693 36

1867 712 1946 744 Urb.
1973 713 2002 744 V
2021 714 2086 745 'Av.
2114 718 2137 746 t.
2167 715 2203 746 17
2229 715 2251 747 f.
2280 716 2339 746 128

1868 766 1930 797 Cle.
1957 766 2021 797 VII
2047 768 2106 799 Av.
2134 771 2158 799 t.
2185 768 2223 799 27
2249 768 2271 800 f.
2298 769 2360 800 350

1867 819 1946 851 Urb.
1973 820 2018 851 VI
2045 821 2115 853 Obl.
2142 822 2181 852 48
2206 822 2228 853 f.
2255 822 2293 853 72

1851 890 1853 919 ἦ
1869 873 1967 904 061116
1989 875 2028 905 26

158 1150 208 1181 ob.
235 1149 265 1181 S.
290 1149 410 1181 Juliani
434 1150 538 1188 (1208)
614 1149 739 1180 Garsias
762 1149 865 1187 (1208,
889 1148 907 1187 †
932 1149 1033 1187 1225),
1056 1149 1162 1184 Lupus
1574 1150 1653 1179 1225
1874 1157 1879 1192 Ι
1930 1176 1958 1208 G
2050 1179 2086 1208 31

163 1228 573 1234 ..........
614 1202 823 1233 Gundisalvus
846 1201 986 1233 Ibannez
1009 1202 1228 1243 Palomeques,
1252 1202 1316 1233 sed.
1574 1203 1653 1233 1236
1853 1194 1884 1244 ²(
1960 1188 2028 1208 ams

157 1256 208 1288 ob.
234 1256 365 1288 Gundis.
390 1257 494 1296 (1246)
610 1256 790 1287 Matthaeus
816 1255 966 1295 (Reinal),
992 1266 1075 1296 mag.
1103 1256 1263 1295 (theol.2),
1289 1255 1326 1287 el.
1356 1256 1529 1287 Salament.
1574 1256 1650 1287 1247
1680 1257 1760 1297 Aug.
1791 1257 1830 1287 28
1853 1256 1939 1288 Inn.
1964 1257 2010 1288 IV
2031 1268 2059 1289 a.
2083 1259 2101 1289 5
2123 1269 2194 1300 epp.
2220 1260 2288 1297 142,
2313 1260 2399 1300 1561)

158 1314 196 1341 tr.
219 1310 335 1341 Matth.
358 1310 399 1340 ad
421 1310 557 1350 Burgen.
610 1309 781 1340 Rodericus
803 1308 854 1347 (el.
881 1310 982 1348 1260),
1005 1310 1116 1340 Petrus
1137 1309 1339 1347 Laurentius,
1363 1309 1428 1341 sed.
1574 1311 1652 1340 1264
1852 1311 1876 1369 Η
1930 1337 1958 1369 G
2050 1340 2086 1369 31

157 1364 208 1395 ob.
231 1364 318 1394 Petri
341 1363 444 1403 (1271)
613 1363 823 1394 Gunffisolvus
847 1362 971 1400 Gudiel,
995 1362 1085 1394 sedet
1368 1372 1370 1374 ·
1573 1363 1651 1394 1272
1852 1356 1879 1405 *f
1960 1348 2028 1369 ⁸¹³⁸

158 1421 196 1449 tr.
219 1417 350 1448 Gundis.
371 1417 412 1448 ad
426 1417 564 1458 Burgen.

157 1524 208 1556 ob.
220 1524 324 1555 Gund.
335 1525 425 1563 (1289
437 1535 478 1554 m.
490 1524 577 1562 Jan.)

158 1586 196 1609 tr.
217 1577 348 1609 Gundis.
366 1577 407 1608 ad
423 1577 566 1608 Toletan.

157 1631 207 1662 ob.
231 1631 391 1662 Paschasii

157 1685 207 1716 ob.
233 1684 386 1726 Stephani

156 1739 207 1769 ob.
231 1738 388 1769 Fernandi

157 1796 195 1823 tr.
222 1792 315 1823 Joan.
339 1792 380 1823 ad
403 1791 536 1822 Oveten.

155 1845 206 1876 ob.
231 1845 372 1876 Oddonis
395 1846 499 1884 (1338)

155 1903 194 1930 tr.
211 1899 342 1930 Gundis.
357 1899 397 1930 ad
413 1898 576 1939 Seguntin.
613 1899 748 1934 Garsias‚
772 1903 885 1929 cantor
907 1899 980 1930 6001.
1005 1899 1163 1930 Palentin.

155 1952 205 1983 ob.
231 1952 360 1983 Garsiae
384 1953 488 1991 (1359)

613 1524 822 1555 Gundisalvus
844 1523 924 1554 Diaz
947 1523 1156 1564 Palomeques

610 1685 802 1719 Fernandus,
826 1695 874 1725 ep.
899 1684 1106 1724 Cordube11.4)

612 1792 709 1826 eddo,
733 1802 781 1832 ep.
807 1791 941 1822 Oveten.

579 2049 789 2079 compostellan.

226 2093 246 2125 ⁷)
267 2094 328 2126 Rej.
349 2093 484 2119 Roderico
504 2094 622 2119 Joannis
639 2094 726 2119 adiac.
746 2094 780 2119 de
798 2094 904 2119 Nendis
921 2095 949 2119 in
966 2090 1026 2120 ead.
1046 2095 1121 2125 6601.,
1142 2094 1216 2120 01111-

152 2138 260 2163 disalvo
279 2139 355 2163 Petri
375 2147 435 2163 can.
457 2139 507 2171 ips.
530 2139 604 2168 eccl„
626 2138 741 2163 Alfonso
761 2139 795 2164 de
815 2139 952 2172 Hispania
972 2139 1077 2165 decano
1098 2139 1215 2165 Ilerden.

152 2186 181 2208 et
195 2183 290 2216 capell.
309 2183 335 2208 S.
352 2183 392 2213 P„
408 2183 435 2208 in
450 2183 508 2208 ord.
525 2186 553 2209 et
568 2186 622 2208 aet.
638 2183 779 2208 defectum
794 2185 928 2216 patiente,
944 2184 972 2209 in
986 2184 1053 2209 disc.
1070 2184 1102 2209 el.
1117 2199 1153 2202 —
1167 2184 1217 2210 Ille

153 2227 267 2260 Bereng.
287 2228 355 2253 1318
371 2228 436 2253 Maii
454 2228 479 2258 3,
496 2228 554 2260 jam
571 2236 645 2253 cons.
664 2237 680 2252 a
696 2228 811 2254 Nicolao
828 2237 888 2262 epo.
907 2228 1012 2254 Ostien.
1031 2231 1059 2254 et
1076 2229 1160 2262 pallio
1176 2230 1216 2254 in-

151 2273 278 2305 signitus,
299 2272 408 2297 obtinet
428 2272 469 2297 lic.
491 2272 635 2298 recedendi
656 2281 672 2297 a
691 2272 773 2298 Curia
793 2273 902 2304 (Mollat
921 2281 962 2299 nr.
984 2274 1073 2305 7116).

223 2316 245 2348 ⁸)
265 2317 319 2342 Cfr.
340 2320 360 2342 t.
383 2318 433 2342 110
452 2317 471 2342 f.
493 2318 525 2344 77
545 2326 588 2350 ep.
609 2317 660 2343 273
680 2317 714 2342 al.
735 2318 794 2343 300.

224 2361 245 2393 9)
264 2361 318 2387 Cfr.
337 2361 480 2394 Hispalen.
499 2370 525 2387 n.
544 2362 568 2387 9.
601 2361 700 2386 Eidem
718 2362 822 2387 Joanni
838 2362 892 2388 Cle.
910 2362 965 2388 VII
982 2366 1165 2393 concesserat,
1183 2366 1216 2388 ut

150 2405 279 2431 ecclesiae
298 2406 413 2436 Tuden.,
433 2406 545 2436 Lucen.‚
564 2407 729 2436 Astoricen.‚
748 2407 927 2437 Mindonien..
947 2407 1069 2438 Aurien.,
1089 2416 1161 2440 quae
1179 2407 1215 2433 ad

151 2450 322 2484 provinciam
346 2451 524 2484 pertinebant
546 2451 723 2481 Bracharen.‚
746 2451 834 2477 donec
857 2452 946 2477 eidem
969 2452 1033 2478 6661.
1058 2452 1156 2478 Braeh.
1181 2452 1216 2477 de

151 2495 250 2520 idonea
267 2503 383 2528 persona
401 2496 543 2528 provisum
561 2499 641 2525 esset,
659 2496 836 2528 subjacerent
853 2497 981 2522 ecclesiae
999 2496 1213 2530 Compostellan.

154 2539 236 2570 Quod
254 2539 321 2564 Ben.
342 2540 417 2565 XIII
437 2540 501 2571 (Av.
521 2543 542 2565 t.
562 2542 579 2565 4
598 2541 616 2566 f.
640 2542 672 2566 19
691 2544 719 2566 et
737 2541 782 2572 67)
805 2542 833 2566 11
855 2541 916 2567 Oct.
939 2542 1007 2566 1394
1026 2542 1213 2567 confirmavit.

150 2584 214 2617 Ipse
228 2584 353 2610 Joannes
366 2584 402 2610 ab
416 2593 489 2610 anno
504 2585 572 2610 1394
586 2594 673 2618 usque
687 2586 722 2611 ad
736 2586 809 2611 diem
823 2586 917 2611 obitus
930 2586 972 2611 sui
987 2588 1020 2618 (6.
1037 2587 1116 2618 1406)
1130 2586 1213 2611 eccle-

150 2630 219 2654 siam
238 2637 349 2662 quoque
367 2629 472 2654 Tuden.
494 2629 708 2655 administravit.
749 2630 907 2656 Secundum
924 2630 1006 2656 Gams
1024 2639 1051 2664 p.
1071 2631 1106 2656 26
1124 2634 1213 2656 trans-

149 2673 238 2699 fertur
252 2682 276 2698 a.
296 2674 363 2700 1397
379 2674 415 2698 ad
431 2674 495 2699 eccl.
513 2674 690 2704 Bracharen.,
706 2675 754 2700 ubi
772 2675 807 2706 „†
823 2675 852 2699 in
868 2675 974 2705 brevi‘⁴,
990 2678 1019 2700 et
1034 2675 1214 2701 nihilominus

148 2727 174 2743 a.
189 2718 257 2743 1402
269 2718 305 2742 ad
317 2718 503 2748 Colimbrien.,
515 2718 564 2744 ubi
576 2719 611 2751 ‚,†
623 2728 646 2744 a.
662 2720 757 2745 1403“.
784 2719 837 2745 Sed
849 2720 883 2744 de
895 2720 1069 2746 Colimbrien.
1083 2720 1213 2745 ecclesiae

149 2771 225 2788 mera
243 2762 494 2793 administratione,
514 2771 570 2788 non
588 2764 622 2789 de
642 2764 832 2794 translatione,
861 2764 935 2797 quod
956 2768 1051 2790 autem
1070 2765 1213 2790 ecclesiam

148 2807 247 2833 Brach.
268 2808 380 2837 attinet,
399 2808 447 2832 vix
466 2807 500 2832 de
519 2808 770 2839 administratione,
790 2809 879 2834 multo
898 2809 989 2834 minus
1007 2809 1042 2834 de
1061 2810 1156 2835 transl.
1177 2808 1213 2834 ad

148 2853 237 2885 ipsam
252 2852 352 2885 agitur.
382 2852 477 2877 Etiam
493 2851 562 2877 Bon.
579 2852 622 2877 IX
638 2853 760 2879 instante
777 2854 885 2880 Joanne
900 2862 977 2886 aep0.
994 2853 1135 2887 Compost.
1152 2854 1212 2879 illos

146 2897 324 2930 episcopatus
338 2905 354 2922 a
368 2896 578 2930 suffraganeam
592 2898 661 2930 aepi.
678 2897 844 2923 Braeharen.
860 2898 981 2923 absolvit
995 2901 1024 2923 et
1039 2907 1116 2931 aepo.
1132 2898 1211 2924 Com—

147 2943 219 2975 post.
237 2941 366 2973 subjecit,
384 2941 412 2966 id
430 2941 506 2974 quod
523 2941 648 2967 <Ioannes
666 2942 770 2967 XXIII
787 2946 910 2973 revocat,
929 2944 994 2976 quia
1013 2943 1137 2968 Joannes
1154 2951 1211 2969 mo—

610 1417 747 1448 Didacus
769 1416 910 1453 Martini,
933 1416 1073 1447 decanus
1095 1416 1254 1448 Conchen.

610 1471 724 1505 Tellus,
749 1470 958 1501 Gundisalvus
983 1470 1097 1501 061016
1122 1470 1246 1508 Gudiel,
1270 1470 1335 1502 sed.

610 1578 784 1612 Pascasius,
808 1577 909 1607 adiac.
934 1577 1093 1608 Ulmeten.
1118 1578 1149 1608 in
1172 1577 1246 1609 6001.
1271 1577 1433 1613 Abulen.²)

612 1631 788 1666 Stephanus
811 1630 847 1662 Ο.
871 1630 958 1668 Μ111.,
983 1642 1031 1672 69.
1055 1631 1275 1670 Ulixbonen.³)

612 1738 752 1769 Joannes
775 1737 838 1777 (del
860 1738 1004 1778 Campo),
1028 1738 1129 1769 adiac.
1153 1738 1192 1770 de
1215 1738 1428 1778 Carvalleda5)

613 1845 822 1876 Gundisalvus
845 1845 896 1884 (de
918 1845 1052 1886 Aquilar
1074 1845 1285 1887 Hinojosa)⁶),
1308 1857 1391 1887 mag.
1408 1845 1504 1877 theol.

609 1952 788 1983 Bernartius
811 1952 949 1992 (Zafon),
973 1952 1112 1983 thesaur.
1137 1952 1210 1983 6661.
1235 1953 1409 1992 Toletan.⁷)

1574 1417 1651 1447 1275
1682 1416 1769 1458 Sept.
1798 1417 1836 1448 27
1869 1417 1940 1449 Gre.
1968 1418 2000 1449 X
2026 1429 2054 1450 a.
2081 1420 2100 1450 4
2126 1420 2163 1459 (t.
2190 1419 2290 1460 37)*f.
2317 1421 2357 1452 54

1574 1471 1651 1501 1285
1678 1470 1769 1502 Febr.
1800 1469 1853 1501 111v

1574 1525 1651 1554 1289
1676 1524 1770 1555 Mart.
1800 1525 1836 1554 15
1866 1475 1878 1565 1
1929 1497 2027 1529 Gams
2048 1500 2085 1529 3¹
2386 1543 2388 1545 -

1574 1579 1651 1608 1299
1678 1577 1769 1609 Febr.
1798 1578 1923 1610 222B0.
1949 1578 2030 1609 VIII
2055 1589 2083 1610 a.
2108 1581 2127 1610 5
2151 1591 2200 1621 69.
2225 1581 2265 1611 20
2289 1582 2396 1622 (2908)

1574 1632 1651 1662 1322
1678 1631 1758 1672 Aug.
1786 1633 1822 1662 21
1868 1632 1918 1663 Jo.
1934 1631 2037 1663 XXII
2052 1643 2080 1664 a.
2097 1634 2114 1664 6
2131 1635 2166 1673 (t.
2183 1634 2234 1674 73)
2250 1645 2299 1676 ep.
2318 1636 2398 1666 1195

1574 1686 1651 1716 1326
1680 1685 1755 1726 Apr.
1789 1686 1822 1715 11
1868 1686 1918 1716 Jo.
1931 1685 2034 1717 XXII
2046 1697 2074 1717 a.
2090 1688 2127 1717 10
2139 1689 2175 1727 (t.
2188 1688 2240 1727 81)
2253 1699 2302 1729 ep.
2317 1689 2396 1720 1664

1575 1738 1651 1769 1327
1678 1739 1758 1780 Aug.
1786 1740 1805 1769 8
1868 1739 1918 1770 Jo.
1931 1739 2034 1770 XXII
2046 1750 2074 1771 a.
2089 1742 2123 1771 11
2139 1742 2174 1780 (t.
2188 1742 2240 1781 84)
2253 1752 2302 1783 ep.
2314 1743 2396 1774 2512

1574 1793 1652 1822 1328
1681 1792 1756 1823 Maii
1786 1792 1804 1823 7
1867 1793 1918 1824 Jo.
1931 1793 2034 1824 XXII
2046 1804 2074 1824 a.
2089 1795 2126 1825 12
2139 1795 2175 1834 (t.
2188 1794 2240 1834 87)
2252 1806 2301 1836 ep.
2314 1796 2396 1827 2013

1574 1847 1649 1876 1341
1682 1846 1755 1877 Jan.
1788 1846 1826 1876 10

1574 1900 1651 1930 1342
1681 1899 1759 1930 Julii
1788 1900 1825 1930 18

1574 1954 1651 1983 1362
1676 1953 1759 1984 Nov.
1786 1954 1804 1983 8

1866 1846 1943 1878 Ben.
1963 1847 2031 1878 XII
2050 1858 2078 1878 a.
2099 1848 2117 1879 7
2137 1849 2173 1887 (t.
2196 1849 2266 1888 129)
2286 1859 2334 1890 ep:
2357 1850 2395 1880 13

1865 1900 1927 1931 Cle.
1953 1901 1998 1931 VI
2023 1911 2051 1932 a.
2079 1903 2093 1931 1
2121 1903 2156 1941 (t.
2185 1903 2254 1942 152)
2279 1913 2328 1944 ep.
2356 1903 2391 1933 11

1865 1954 1943 1985 Urb.
1969 1954 1997 1985 V
2021 1954 2081 1986 Av.
2107 1958 2130 1986 t.
2157 1956 2175 1986 6
2200 1955 2221 1987 f.
2247 1957 2266 1986 5

1325 2050 1427 2075 demus
1445 2058 1505 2083 aep.
1524 2050 1665 2083 Compost.
1686 2050 1838 2076 Benedicto
1855 2051 1930 2076 XIII
1948 2051 2094 2077 adhaeret:
2113 2052 2141 2077 in
2159 2052 2261 2086 quibus
2278 2053 2392 2087 quidem

1325 2095 1425 2120 litteris
1445 2095 1489 2120 ille
1511 2095 1635 2121 Joannes
1656 2104 1716 2128 aep.
1739 2095 1890 2129 Compost.,
1913 2096 1948 2121 ad
1969 2096 2049 2129 cujus
2069 2097 2234 2123 instantiam
2254 2097 2324 2123 Bon.
2346 2097 2391 2124 IX

1324 2140 1414 2165 dictos
1435 2143 1543 2173 epatus.
1567 2148 1644 2173 aepo.
1668 2140 1809 2173 Compost.
1833 2140 1961 2173 subjecit,
1985 2141 2030 2171 „b.
2053 2141 2110 2167 m.“
2132 2142 2294 2168 nominatur
2315 2142 2390 2174 (Lat.

1324 2188 1344 2210 t.
1359 2185 1408 2211 173
1420 2184 1438 2210 f.
1453 2185 1524 2216 116),
1536 2193 1621 2218 quare
1632 2193 1688 2210 non
1699 2185 1733 2210 de
1744 2193 1800 2210 uno
1811 2185 1964 2219 eodemque
1976 2186 1996 2211 J
1997 2194 2086 2211 oanne
2098 2185 2211 2218 (Gareia
2220 2186 2388 2220 Maurique),

1324 2229 1372 2255 sed
1384 2229 1419 2255 de
1431 2229 1540 2255 duobus
1553 2229 1668 2255 diversis
1681 2229 1768 2262 ejusd.
1783 2230 1903 2255 nominis
1916 2230 2044 2261 Joannis,
2058 2231 2106 2263 qui
2118 2231 2204 2256 etiam
2216 2231 2253 2256 ad
2265 2231 2390 2257 diversas

1323 2274 1496 2300 obedientias
1515 2274 1665 2307 pertinent,
1685 2275 1785 2308 agitur.

1394 2319 1426 2350 ¹⁰)
1447 2319 1607 2345 Secundum
1630 2318 1712 2344 Gams
1736 2319 1832 2352 Lupus
1856 2319 1914 2352 jam
1939 2327 2013 2345 anno
2039 2320 2127 2350 „1399
2152 2323 2216 2353 post
2242 2320 2307 2346 Jan.
2335 2320 2388 2346 18“

1323 2364 1418 2390 transl.
1442 2363 1478 2389 ad
1499 2364 1562 2389 6661.
1585 2364 1727 2397 Compost.
1750 2372 1810 2389 vac.
1834 2372 1882 2396 per
1903 2364 1998 2389 transl.
2022 2364 2141 2390 ,Ioannis
2164 2364 2277 2390 Garsiae
2297 2364 2387 2391 Maur.

1323 2408 1358 2434 ad
1378 2408 1544 2434 Bracharen.
1565 2417 1589 2434 a.
1612 2409 1688 2435 1397.

1785 2454 1922 2480 conchen.

1394 2497 1414 2529 ¹)
1434 2497 1485 2523 Ed.
1508 2497 1605 2530 Beryer
1623 2506 1663 2522 nr.
1684 2498 1752 2523 3191
1774 2501 1802 2523 et
1821 2498 1898 2523 3205.

1393 2542 1413 2574 ²)
1433 2542 1465 2567 A.
1483 2542 1551 2567 1299
1565 2542 1631 2575 Apr.
1649 2542 1679 2568 17
1694 2542 1752 2574 jam
1766 2550 1886 2567 consecr.
1902 2551 1926 2567 a.
1942 2551 1962 2568 s.
1978 2551 2002 2568 a.
2030 2542 2083 2568 Cfr.
2099 2542 2169 2568 Bon.
2184 2542 2256 2568 VIII
2270 2551 2294 2568 a.
2310 2544 2327 2568 5
2341 2551 2384 2576 ep.

1323 2587 1373 2612 142
1393 2587 1494 2618 (3023).

1392 2632 1413 2662 ³)
1434 2631 1495 2664 Rej.
1517 2631 1600 2656 Petro
1620 2631 1734 2656 Martini
1754 2631 1859 2656 decano
1879 2631 2016 2657 Conchen.
2038 2640 2054 2656 a
2074 2640 2134 2665 cap.
2156 2631 2188 2656 el.

1391 2676 1413 2707 ⁴¹)
1434 2676 1495 2708 Rej.
1510 2675 1625 2709 Aegidio
1639 2675 1735 2700 Alvari
1749 2676 1836 2701 adiac.
1853 2675 1954 2709 Opten.
1969 2676 1998 2701 in
2011 2676 2075 2701 eccl.
2091 2676 2228 2702 Conchen.
2243 2683 2260 2701 a
2273 2684 2334 2709 cap.
2349 2675 2383 2701 el.

1391 2720 1412 2752 ⁵)
1433 2720 1467 2745 In
1491 2720 1554 2746 6661.
1580 2720 1743 2750 Astoricen.‚
1769 2720 1891 2746 subdiac.
1941 2719 2002 2753 Rej.
2028 2720 2125 2746 eodem
2149 2720 2264 2754 Aegidio
2287 2720 2384 2746 Alvari

1321 2765 1463 2798 praedicto
1482 2773 1499 2790 a
1517 2773 1576 2798 069.
1597 2765 1699 2790 iterum
1718 2765 1751 2790 el.
1771 2780 1807 2782 —
1825 2765 1879 2791 Cfr.
1900 2764 1961 2790 Obl.
1982 2766 1999 2790 6
2017 2765 2035 2790 f.
2056 2765 2098 2790 63.

1393 2809 1414 2841 ⁶)
1434 2809 1530 2835 Adiac.
1553 2809 1735 2835 Salamantin.

1393 2854 1414 2886 ⁷)
1434 2854 1515 2879 Prov.
1536 2854 1572 2879 ab
1591 2854 1652 2879 Inn.
1674 2853 1713 2879 VI
1735 2854 1802 2879 1362
1821 2854 1887 2879 Maii
1908 2855 1948 2879 18.
1977 2853 2061 2887 Apud
2074 2853 2155 2879 Gams
2177 2854 2209 2879 31
2225 2854 2298 2879 inter
2314 2852 2381 2879 Gar·-

1320 2899 1389 2924 siam
1405 2901 1434 2924 et
1449 2898 1624 2924 Bernardum
1640 2899 1748 2932 positus
1763 2901 1806 2924 est
1822 2898 1940 2928 „Petrus
1955 2898 1990 2923 de
2005 2898 2127 2923 Toled0“
2143 2901 2229 2931 atque
2244 2898 2317 2925 inter
2333 2897 2381 2924 Jo-
2401 2905 2404 2910 ’

1319 2952 1420 2969 aunem
1439 2946 1468 2969 et
1487 2943 1625 2968 Didacum
1645 2943 1692 2974 (ad
1712 2951 1736 2968 a.
1759 2943 1835 2973 1407,
1857 2943 1936 2974 1408)
1956 2943 2026 2968 alter
2045 2942 2176 2968 Joannes.
2219 2942 2280 2973 Quo
2299 2942 2380 2975 juret
