2482 3178
431 142 663 179 cardinales
686 146 911 189 presbyteri
933 148 992 182 tit.
1014 157 1064 182 SS.
1090 150 1267 185 Silvestri
1290 154 1330 186 et
1354 151 1529 195 Martini,
1553 163 1582 188 s.
1607 155 1716 195 Sixti,
1740 165 1769 190 s.
1795 156 1988 201 Stephani
2287 165 2325 195 47

92 243 286 276 Benedictus
304 244 450 286 cajetani
469 256 545 283 sen„
566 246 646 277 diac.
668 258 691 278 S.
713 247 793 285 Nic,
814 249 923 280 transl.
947 251 1019 280 1291
1045 251 1131 292 Sept.
1153 254 1201 289 22,
1222 253 1318 284 exalt.
1340 255 1369 285 in
1393 255 1422 286 S.
1444 256 1477 286 P.
1499 256 1591 295 (Bon.
1613 257 1717 296 VHI).

93 297 229 330 Gentilis
248 297 287 329 de
306 298 533 330 Monteflorum
555 299 590 330 Ο.
612 300 687 331 Min.
710 301 849 340 (XVIII,
873 304 932 341 12),
955 314 1053 344 prom.
1078 306 1155 335 1300
1174 306 1267 337 Mart.
1289 309 1317 343 2,
1339 307 1418 339 obiit
1440 310 1516 339 1312
1537 310 1607 340 Oct.
1628 311 1676 341 27.

90 350 206 383 Vitalis
224 350 264 382 de
283 351 390 382 Fumo
410 352 445 383 O.
466 352 554 389 Min.,
575 354 650 384 min.
672 365 761 394 prov.
783 355 934 396 Aquitan.
957 357 1045 395 (XX,
1066 360 1127 397 23),
1150 370 1248 399 prom.
1273 362 1348 391 1312
1369 361 1443 392 Dec.
1464 364 1513 399 23,
1534 363 1586 394 trf.
1607 364 1647 394 ad
1668 364 1780 395 Alban.
1804 367 1918 405 1321.¹)

92 406 205 437 Petrus
226 405 265 436 de
285 405 388 446 Capis,
410 416 458 446 ep.
480 406 650 438 Carnoten.
673 408 779 446 (XXI,
801 410 863 448 22),
885 420 984 450 prom.
1010 411 1085 441 1327
1107 412 1181 443 Dec.
1207 415 1252 449 18,
1273 413 1353 444 obiit
1376 416 1451 445 1336
1472 416 1565 447 Mart.
1587 418 1635 447 24.

94 459 270 490 Aimericus
289 458 328 490 de
347 458 544 496 Castrolucii,
564 471 612 500 ep.
634 460 803 492 Carnoten.
825 463 967 501 (XXIII,
989 465 1030 502 3),
1051 475 1150 505 prom.
1174 467 1250 496 1342
1273 466 1359 508 Sept.
1380 469 1429 504 20,
1449 468 1529 499 obiit
1550 471 1626 500 1349
1647 470 1717 501 Oct.
1737 473 1785 502 31.

91 512 205 544 Petrus
223 512 263 543 de
281 512 386 550 Croso,
407 523 455 553 ep.
476 513 649 544 Autissiod.
671 515 814 553 (XXIII,
835 517 897 554 21),
918 527 1017 556 prom.
1041 519 1118 548 1350
1138 519 1211 550 Dec.
1235 520 1280 556 17,
1301 520 1381 551 obiit
1402 523 1475 551 1361
1500 522 1586 563 Sept.
1606 524 1655 553 23.

91 565 241 607 Aegidius
259 565 298 596 de
316 566 533 603 Monteacuto,
553 577 601 607 ep.
622 567 775 599 Morinen.
796 569 932 607 (XXIV,
955 571 1014 608 11),
1034 582 1134 611 prom.
1157 573 1230 602 1361
1255 573 1341 614 Sept.
1364 574 1410 611 17,
1431 575 1482 605 trs.
1503 575 1543 606 ad
1562 576 1686 607 Tuscul.
1709 579 1796 609 1368.

90 618 256 660 Philippus
276 619 400 657 Carasa,
423 619 523 650 adiac.
547 620 722 652 Bononien.
746 622 900 660 (XXVII,
922 624 964 661 8),
987 635 1086 664 prom.
1112 625 1188 655 1378
1212 626 1298 667 Sept.
1324 628 1369 663 18,
1392 627 1471 658 obiit
1494 630 1570 659 1389
1591 629 1666 660 Maii
1687 632 1735 661 22.

87 672 241 704 Nieolaus
258 672 298 704 de
316 684 339 704 s.
362 673 535 704 Saturnino
555 674 591 705 O.
612 674 724 706 Praed.
746 675 868 714 (XXX,
888 678 930 715 5),
951 687 1050 717 prom.
1074 678 1150 708 1378
1170 679 1244 710 Dec.
1268 681 1314 717 16,
1334 680 1414 711 obiit
1435 682 1510 712 1382
1532 682 1604 713 Jan.
1625 684 1674 714 23.

90 726 248 767 Fayditus
265 726 304 758 de
324 726 486 767 Agrifolio,
506 738 554 768 ep.
575 727 668 759 Avin.
690 729 812 767 (XXX,
836 730 895 768 10),
915 740 1015 770 prom.
1038 733 1114 761 1383
1133 732 1208 763 Dec.
1229 734 1277 769 23,
1298 733 1378 764 obiit
1398 736 1472 764 1391
1495 735 1564 766 Oct.
1584 737 1612 766 2.

90 779 233 811 Barthol.
252 780 470 818 Mezzavacca,
489 780 563 811 olim
582 781 633 811 tit.
652 793 675 812 s.
695 782 844 819 Marcelli,
864 783 973 814 transl.
997 785 1071 814 1389
1090 785 1165 815 Dec.
1188 787 1233 822 18,
1253 786 1333 817 obiit
1354 789 1429 817 1396
1450 788 1526 819 Julii
1544 790 1592 819 29.

88 833 203 865 Petrus
221 834 260 865 de
282 833 383 871 Serra,
404 845 453 875 ep.
474 834 662 866 Cathanien.
684 835 825 874 (XXXI,
846 837 888 875 4),
910 848 1009 877 proni.
1034 838 1109 868 1397
1132 838 1219 879 Sept.
1240 841 1289 876 22,
1310 840 1390 871 obiit
1412 842 1488 871 1404
1509 842 1579 873 Oct.
1600 844 1628 873 8.

87 887 253 919 Jordanus
271 887 311 918 de
330 887 463 925 Ursinis,
483 899 551 928 aep.
573 888 706 929 Neapol.
728 889 869 928 (XXIX,
889 891 931 928 4),
953 901 1051 930 prom.
1075 892 1151 921 1405
1173 892 1262 923 Junii
1284 894 1329 930 12,
1351 894 1402 924 trf.
1424 894 1464 924 ad
1483 906 1506 925 s.
1527 895 1620 926 Laur.
1641 896 1672 926 in
1692 898 1785 929 nam.
1808 900 1895 930 1409.

1106 1026 1136 1056 S.
1172 1027 1305 1058 sixti.

86 1109 248 1140 Amaldus
267 1109 306 1141 de
325 1109 511 1147 villamuro,
532 1121 580 1151 ep.
603 1111 739 1151 Appam.
762 1112 904 1151 (XXIII,
926 1115 988 1152 20),
1010 1125 1109 1154 prom.
1134 1116 1211 1145 1350
1231 1115 1305 1146 Dec.
1329 1116 1375 1153 17,
1397 1116 1475 1147 obiit
1498 1119 1574 1148 1355
1595 1118 1665 1149 Oct.
1686 1120 1734 1150 28.

89 1162 239 1194 Nicolaus
258 1163 376 1194 Roselli
396 1163 432 1194 Ο.
454 1163 578 1201 Ρ188(1.,
599 1165 684 1204 prior
703 1176 791 1205 prov.
814 1166 990 1207 Aragoniae
1011 1167 1146 1206 (XXIV,
1168 1170 1209 1206 6),
1232 1179 1330 1209 prom.
1357 1171 1430 1199 1356
1451 1170 1526 1201 Dee.
1547 1172 1595 1208 23,
1616 1172 1696 1202 obiit
1717 1174 1794 1203 1362
1814 1174 1908 1205 Mart.
1928 1176 1977 1206 28.

93 1216 201 1248 Simon
219 1216 258 1248 de
275 1216 441 1257 Langham
460 1217 496 1248 O.
518 1217 548 1248 S.
569 1217 616 1254 B.,
636 1229 704 1258 aep.
724 1219 926 1250 Cantuarien.
947 1221 1065 1259 (XXV,
1084 1221 1125 1260 7),
1146 1232 1244 1261 prom.
1267 1223 1343 1252 1368
1364 1222 1450 1263 Sept.
1470 1225 1518 1260 22,
1538 1224 1590 1255 trs.
1609 1225 1650 1255 ad
1668 1226 1828 1257 Praenest.
1850 1227 1937 1258 1373.

91 1269 194 1301 Lucas
213 1270 252 1301 (18
273 1270 464 1307 Gentilibus,
484 1282 532 1311 ep.
555 1271 704 1302 Nucerin.
726 1273 880 1311 (XXVII,
901 1275 943 1312 4),
965 1285 1063 1314 prom.
1088 1274 1164 1304 1378
1186 1275 1272 1315 Sept.
1297 1277 1342 1312 18,
1363 1276 1443 1307 obiit
1464 1278 1540 1307 1389
1562 1278 1635 1308 Jan.
1658 1279 1704 1309 18.

87 1323 275 1355 Leonardus
295 1324 388 1355 Rossi
407 1324 447 1355 de
468 1324 610 1355 Giffonio
631 1324 667 1356 O.
689 1325 764 1356 Min.
786 1327 861 1356 min.
883 1338 952 1367 gen.
975 1327 1097 1364 (XXX,
1118 1330 1160 1366 6),
1182 1339 1281 1368 prom.
1306 1329 1383 1359 1378
1403 1329 1477 1360 Dee.
1502 1331 1548 1367 16,
1569 1331 1648 1362 obiit
1670 1332 1785 1372 1407.¹)

92 1377 233 1409 Joannes
253 1378 412 1409 Dominici
433 1368 616 1415 OjPraed„
638 1378 674 1409 el.
697 1379 849 1419 Ragusin.
873 1380 1031 1419 (XXXII,
1053 1382 1095 1419 4),
1118 1392 1216 1421 prom.
1242 1383 1318 1412 1408
1339 1382 1414 1413 Maii
1434 1384 1462 1419 9,
1484 1383 1563 1414 obiit
1586 1386 1661 1415 1419
1685 1385 1773 1416 Junii
1793 1388 1810 1417 6
1834 1387 1873 1417 al.
1899 1388 1946 1418 10.

89 1431 234 1463 Joannes
253 1431 292 1462 de
312 1432 478 1462 Casanova
499 1432 534 1462 O.
557 1431 680 1468 Praed.,
702 1443 750 1473 ep.
773 1433 883 1464 Elnen.
907 1434 1058 1472 (XXXV,
1083 1436 1141 1471 15),
1164 1446 1262 1475 pron..
1287 1436 1364 1465 1430
1385 1436 1465 1467 Nov.
1487 1438 1515 1474 8,
1536 1437 1616 1468 obiit
1637 1439 1714 1468 1436
1734 1439 1827 1470 Mart.
1851 1442 1876 1471 1.

773 1574 777 1579 ·
833 1567 862 1598 S.
910 1568 1127 1603 Stephani
1159 1569 1203 1598 in
1236 1569 1394 1600 Coelio
1426 1571 1588 1602 monte.

88 1654 234 1686 ⁴Joannes
255 1653 473 1685 Salernitanus
493 1656 577 1695 (pag.
599 1656 616 1684 3
636 1659 702 1685 not.
726 1656 739 1684 1
762 1666 807 1685 nr.
832 1657 891 1694 19),
912 1667 1011 1696 prom.
1036 1658 1122 1692 1191,
1143 1656 1223 1686 obiit
1244 1658 1330 1687 1208.

91 1707 252 1739 Robertus
272 1707 312 1738 de
332 1708 463 1744 Corzon,
485 1718 554 1738 can.
578 1708 676 1738 Paris.
700 1708 738 1747 (Ι,
761 1710 823 1747 31),
847 1720 945 1749 prom.
972 1711 1058 1746 1216,
1081 1709 1160 1740 obiit
1183 1711 1270 1740 1219.

90 1761 227 1793 Michael
245 1761 284 1792 de
304 1761 415 1798 Becco,
435 1761 575 1792 decanus
593 1761 667 1792 eccl.
688 1773 711 1792 s.
737 1761 881 1798 Quintini
902 1763 990 1801 (XX,
1011 1764 1072 1801 20),
1093 1774 1193 1803 prom.
1217 1765 1292 1793 1312
1311 1764 1386 1795 Dec.
1407 1766 1456 1801 23,
1476 1765 1555 1796 obiit
1576 1768 1652 1797 1318
1672 1767 1751 1808 Aug.
1772 1769 1820 1799 30.

92 1814 206 1846 Petrus
225 1815 371 1846 Textoris
390 1814 497 1854 (XXI,
520 1816 579 1853 15),
600 1826 700 1856 prom.
723 1816 801 1845 1320
820 1816 895 1846 Dec.
918 1818 964 1852 19,
984 1816 1064 1846 obiit
1085 1818 1162 1847 1325
1181 1817 1263 1847 inter
1283 1818 1295 1846 1
1317 1822 1349 1848 et
1367 1818 1384 1848 7
1404 1818 1478 1858 Apr.

92 1868 206 1899 Petrus
225 1868 265 1899 (18
284 1868 503 1905 Mortuomari,
525 1879 573 1909 ep.
596 1868 769 1899 Autissiod.
792 1869 898 1907 (XXI,
920 1871 982 1908 21),
1004 1880 1103 1910 prom.
1129 1870 1203 1900 1327
1225 1870 1300 1901 Dec.
1325 1872 1370 1907 18,
1392 1871 1471 1902 obiit
1493 1873 1570 1902 1335
1590 1873 1664 1913 Apr.
1688 1875 1734 1904 14.

91 1922 294 1953 Raimundus
313 1922 351 1953 de
371 1922 529 1952 Montfort
549 1922 584 1953 O.
606 1922 700 1953 Merc.
723 1922 847 1961 (XXII,
869 1924 910 1961 6),
932 1934 1031 1963 prom.
1056 1925 1132 1953 1338
1152 1924 1227 1954 Dec.
1252 1925 1297 1960 18,
1318 1924 1398 1954 obiit
1418 1925 1512 1965 paulo
1531 1930 1612 1966 post.

95 1975 271 2007 Guilelmus
288 1975 327 2006 de
346 1976 443 2012 Aura,
462 1975 562 2006 abbas
581 1987 665 2006 mon.
686 1976 881 2006 Montisolivi
902 1976 937 2007 O.
960 1976 989 2007 S.
1011 1977 1046 2007 B.
1068 1977 1192 2015 (XXII,
1212 1977 1254 2015 7),
1275 1988 1373 2017 prom.
1397 1979 1472 2008 1339
1491 1989 1532 2009 m.
1554 1979 1639 2016 Jan.,
1659 1980 1738 2010 obiit
1759 1982 1834 2011 1353
1854 1982 1929 2012 Dec.
1949 1984 1976 2013 3.

95 2028 181 2060 Elias
198 2029 238 2060 de
255 2040 279 2060 s.
300 2029 415 2060 Eredio
434 2029 470 2059 O.
494 2029 523 2059 S.
544 2029 592 2066 R,
612 2040 660 2070 ep.
681 2029 806 2060 Uticen.
827 2030 963 2068 (XXIV,
983 2031 1025 2068 2),
1046 2041 1144 2070 prom.
1168 2031 1243 2060 1356
1263 2030 1337 2061 Dec.
1358 2032 1406 2067 23,
1426 2031 1478 2061 trs.
1498 2032 1539 2062 ad
1558 2032 1678 2063 Ostien.
1700 2035 1787 2064 1363.

92 2082 268 2114 Guilelmus
287 2082 326 2113 de
347 2082 509 2123 Agrifolio,
530 2082 670 2113 decanus
690 2082 883 2113 Claroniont.
906 2083 1024 2121 (XXV,
1045 2085 1086 2122 4),
1109 2095 1207 2124 prom.
1233 2084 1307 2114 1367
1329 2084 1403 2114 Maii
1426 2086 1472 2121 12,
1493 2085 1572 2116 obiit
1594 2087 1667 2116 1401
1693 2087 1765 2117 Jan.
1789 2089 1835 2118 13.

87 2135 267 2167 'Guilelmus
285 2135 324 2166 de
343 2135 505 2172 Altavilla,
525 2136 605 2166 diac.
626 2147 649 2166 s.
670 2136 747 2166 Mar.
769 2137 799 2167 in
819 2137 920 2167 Cosm.
942 2137 1096 2175 (XXVII,
1116 2138 1178 2175 35),
1199 2137 1307 2167 transl.
1330 2139 1406 2168 1384
1429 2138 1481 2177 (al.
1504 2138 1569 2179 jam
1594 2141 1666 2169 1381
1689 2151 1730 2170 m.
1750 2141 1851 2180 Dee),
1871 2141 1950 2172 obiit
1971 2143 2047 2172 1389
2069 2143 2145 2174 Julii
2164 2145 2212 2175 23.

91 2189 231 2231 Angelus
253 2189 349 2221 Ghini
369 2189 532 2230 Malpighi,
554 2201 602 2230 ep.
625 2190 782 2220 Racanat.
806 2190 964 2229 (XXXII,
986 2192 1028 2229 6),
1050 2201 1149 2230 prom.
1175 2191 1251 2220 1408
1272 2202 1312 2221 m.
1338 2190 1436 2231 Sept„
1458 2191 1537 2222 obiit
1559 2194 1635 2222 1412
1658 2193 1746 2224 Junii
1767 2195 1814 2224 21.

92 2242 206 2274 Petrus
226 2243 356 2280 Ravati,
378 2254 446 2284 aep.
469 2242 614 2273 Tolosan.
637 2243 778 2282 (XXXI,
802 2244 889 2282 10),¹)
911 2254 1010 2284 prom.
1036 2245 1111 2273 1408
1132 2255 1172 2274 m.
1197 2244 1295 2284 Sept.,
1316 2244 1396 2274 obiit
1416 2255 1443 2275 a.
1467 2245 1553 2275 1417.

93 2296 207 2328 Petrus
226 2296 265 2327 de
285 2297 375 2327 Fuxo
396 2296 431 2328 Ο.
453 2297 540 2333 Μ111.,
561 2308 609 2337 ep.
631 2297 800 2327 Lascuren.
823 2297 992 2335 (XXXIV,
1019 2298 1075 2335 18),
1098 2308 1196 2337 prom.
1218 2308 1244 2327 a.
1270 2298 1356 2334 1414,
1378 2297 1429 2328 trs.
1451 2297 1491 2328 ad
1512 2298 1624 2329 Alban.
1647 2300 1734 2329 1431.

439 2457 478 2483 ss.
501 2457 620 2483 Silvestri
641 2457 666 2482 et
685 2457 804 2483 Martini.
1210 2452 1211 2485 ἶ
1722 2458 1745 2484 s.
1768 2459 1841 2485 Sixti.

164 2501 184 2532 ¹)
206 2501 288 2534 Apud
315 2501 455 2533 C'rislosori
482 2501 553 2525 inter
580 2500 667 2533 presb.
695 2501 738 2525 tit.
765 2509 785 2525 s.
813 2500 893 2525 Mart.
922 2503 1096 2524 recensentur
1122 2500 1155 2524 ad
1339 2500 1356 2530 ¹)
1380 2500 1450 2524 Eum
1470 2502 1565 2532 postea
1582 2500 1615 2525 ad
1634 2500 1736 2526 Ostien.
1756 2502 1921 2528 translatum
1933 2511 1990 2528 esse
2002 2506 2097 2530 asserit
2109 2506 2255 2538 Gristofhri,
2273 2508 2320 2539 qui

92 2554 115 2570 a.
141 2545 317 2571 1320-*1323
340 2545 511 2570 Bertrandus
535 2545 635 2577 Augier
657 2545 709 2574 „de
731 2545 757 2569 la
778 2545 870 2569 Toni-‘⁴
895 2544 924 2569 O.
949 2545 1024 2573 Min.,
1047 2544 1089 2568 (01
1113 2544 1154 2568 tit.
1265 2544 1347 2568 otiam
1367 2544 1470 2573 scribit,
1491 2544 1634 2569 Nicolaum
1652 2545 1685 2570 de
1702 2554 1721 2570 s.
1743 2546 1892 2571 Saturnino
1912 2548 2083 2574 1378—-1382
2100 2552 2128 2574 et
2146 2550 2319 2576 Dominicum

88 2598 110 2615 s.
126 2589 235 2619 Vitalis‚
251 2590 286 2615 ad
300 2599 323 2615 a.
341 2590 515 2615 1:34341348
531 2589 689 2622 Stephanus
702 2592 797 2619 flecte:
815 2588 963 2619 (lerardus)
978 2589 1011 2613 dc
1027 2589 1156 2615 (manlia,
1266 2588 1336 2613 Ham
1356 2589 1526 2615 1426—-1427
1543 2589 1662 2614 tenuisse
1678 2590 1719 2614 tit.
1736 2599 1755 2614 s.
1775 2591 1844 2615 Sixti
1858 2594 1886 2616 et
1902 2595 1998 2624 postea
2012 2593 2159 2618 translatos
2173 2603 2230 2619 esse
2245 2595 2320 2620 illum

91 2634 135 2659 cui
152 2635 196 2659 tit.
216 2643 237 2659 s.
259 2634 386 2663 Sabinae,
406 2634 441 2659 ad
460 2643 482 2658 a.
505 2634 678 2658 135041356
696 2634 794 2658 Pastor
811 2633 844 2658 (18
863 2635 1011 2660 ..Sam-als·
1031 2634 1060 2657 0.
1081 2633 1156 2662 Min.,
1266 2633 1299 2657 ad
1320 2633 1363 2657 tit.
1383 2641 1402 2657 s,
1424 2633 1503 2657 Mmt.
1525 2633 1552 2657 in
1570 2637 1666 2662 mont„
1687 2633 1758 2658 hunc
1777 2635 1811 2659 ad
1830 2636 1873 2660 tit.
1893 2644 1926 2660 ss.
1948 2636 2064 2662 Joannis
2083 2640 2110 2662 et
2128 2638 2213 2664 Pauli.

92 2679 136 2703 cui
156 2679 200 2704 tit.
222 2687 257 2704 ss.
278 2679 397 2704 Marcell.
419 2681 445 2703 ct
467 2678 550 2705 Petri,
571 2678 605 2702 ad
626 2686 649 2702 a.
673 2678 842 2703 1356Ϋ1361
868 2678 963 2702 Pomm
983 2677 1016 2701 (10
1038 2678 1157 2703 Foresta.
1571 2679 1594 2704 S.
1617 2679 1744 2708 Stephani
1763 2680 1791 2704 in
1810 2680 1898 2706 Coelio
1918 2682 2018 2707 monte.

92 2723 135 2748 cui
147 2723 192 2749 tit.
206 2723 264 2748 bas.
278 2723 336 2748 XII
350 2726 449 2756 apost„
463 2723 497 2747 ad
510 2731 532 2747 a.
548 2723 721 2747 1382—1402
734 2722 892 2747 Leon-ardus
905 2722 983 2746 Rossi
996 2722 1023 2746 (11
1037 2722 1158 2746 (11110010
1338 2721 1356 2751 ¹)
1379 2721 1460 2753 Apud
1482 2721 1620 2746 cristofori
1638 2722 1680 2746 hic
1699 2723 1876 2752 desideratur,
1900 2724 1946 2749 sod
1965 2729 2139 2750 recensentur
2156 2727 2190 2752 ad
2212 2736 2235 2752 a.
2255 2728 2319 2754 1207

94 2766 125 2792 Ο.
142 2767 221 2797 Μ111.,
238 2768 282 2792 cui
299 2768 342 2792 tit.
361 2776 380 2792 S.
401 2767 481 2797 Sixti,
499 2767 533 2792 ad
550 2776 573 2791 a.
594 2767 766 2792 1385——1388
784 2767 881 2791 Penus
897 2766 931 2791 de
947 2766 1037 2792 Cim-0,
1055 2767 1097 2790 cui
1115 2766 1156 2790 tit.
1269 2765 1387 2790 [benus
1412 2765 1463 2791 ..(18
1488 2765 1625 2798 'I'erzag0“
1660 2768 1729 2799 (ae-p.
1755 2767 1910 2795 Mediolan..
1935 2769 1982 2793 cfr.
2009 2777 2068 2802 pag.
2093 2772 2109 2794 5
2134 2774 2188 2796 not.
2217 2772 2250 2802 1),
2274 2773 2320 2804 qui

87 2820 125 2837 Υ1511.
146 2812 227 2837 Nerei
247 2815 275 2837 et
293 2811 359 2837 Ach.
380 2814 448 2841 erat,
468 2811 537 2836 alter
555 2820 620 2836 vero
638 2811 736 2836 Petrus
754 2811 787 2836 de
805 2811 895 2837 (roso.
916 2811 961 2843 qni
981 2819 1061 2843 supra
1081 2810 1115 2834 atl
1134 2819 1157 2834 a.
1266 2809 1464 2842 expungendus
1484 2818 1540 2834 csse
1561 2810 1678 2837 videtur.
1699 2814 1726 2835 et
1746 2811 1780 2835 ad
1801 2820 1823 2836 a.
1848 2812 2020 2838 1305—1306
2040 2814 2137 2839 Petrus
2157 2815 2319 2846 „Arnzuilt“‚

94 2856 267 2881 1350—1361
283 2859 447 2885 recensetur,
461 2856 644 2885 desideratum
659 2855 730 2880 ada.
747 2856 812 2881 1237
831 2855 1158 2880 1810115ιὲ101κ“1’;111(1.κ·(»1ιε
1267 2854 1312 2886 qui
1338 2854 1379 2878 tit.
1406 2863 1424 2878 s.
1452 2854 1558 2878 Priscae
1583 2854 1710 2879 habebat.
1737 2855 1858 2880 Joannes
1882 2856 2020 2882 Carrmius
2043 2858 2129 2883 adiac.
2155 2859 2320 2890 Ruthenen.,

94 2900 215 2925 Gassard
244 2901 428 2931 (Cassardus),
457 2901 503 2933 qui
530 2900 642 2925 omnino
669 2900 851 2924 eliminandus
878 2908 934 2924 csse
963 2899 1072 2923 videtur
1098 2899 1156 2928 (cfr.
1267 2898 1313 2930 qui
1334 2899 1399 2922 1423
1416 2898 1480 2922 Maii
1499 2898 1530 2922 22
1559 2907 1574 2923 a
1597 2898 1661 2923 Ben.
1679 2899 1752 2923 XIII
1769 2900 1825 2931 jam
1842 2900 1968 2933 deposito
1985 2901 2027 2926 tit.
2045 2910 2064 2927 s.
2086 2903 2178 2935 Steph.
2196 2904 2224 2928 in
2240 2904 2266 2929 C.
2285 2913 2319 2929 111.

89 2953 153 2978 pag,
175 2946 191 2970 6
212 2947 268 2970 not,
291 2946 325 2976 9),
1270 2942 1355 2974 pies-b.
1380 2942 1452 2967 caid.
1478 2946 1619 2974 prcmctus
1640 2946 1690 2972 est,
1713 2946 1791 2968 extra
1813 2945 1908 2969 seriem
1931 2946 2103 2978 reponendus
2124 2956 2181 2972 esse
2203 2948 2319 2973 videtur.
