2470 3158
984 487 1412 556 Praefatio.

183 712 263 743 Cum
280 711 375 742 tertio
392 711 485 742 huius
502 711 706 742 Hierarchiae
723 711 904 742 Catholicae
921 711 1081 742 volumine
1098 712 1139 742 ad
1155 711 1252 742 finem
1270 712 1422 752 perducto
1440 714 1532 754 primi
1549 714 1719 745 voluminis
1736 715 1927 755 exemplaria
1944 717 2049 747 omnia
2066 717 2129 747 fere
2145 717 2312 749 divendita

76 769 197 802 essent,
220 765 385 806 negotium
406 765 447 795 ad
469 775 518 795 me
539 764 683 795 delatum
705 768 762 801 est,
785 769 821 795 ut
843 765 874 795 id
895 764 999 795 denuo
1021 765 1107 805 typis
1128 765 1369 796 exscribendum
1390 777 1542 797 curarem.

185 818 223 849 Id
241 829 278 849 eo
295 818 417 859 gratius
436 818 513 848 mihi
531 818 657 854 accidit,
676 818 762 858 quod
780 828 862 858 quae
881 818 997 858 partim
1016 818 1056 848 ad
1074 817 1191 848 calcem
1210 817 1338 849 alterius
1357 820 1525 850 voluminis
1544 830 1752 857 correxeram,
1772 822 1888 861 partim
1908 826 2017 862 postea
2035 823 2217 863 corrigenda
2236 824 2311 854 mihi

76 882 115 903 se
137 871 332 908 obtulerant,
356 882 441 901 nunc
464 882 521 902 suo
543 871 611 902 lo‘co
634 871 665 901 in
689 871 780 912 primi
804 871 973 902 voluminis
995 871 1095 902 altera
1117 871 1254 902 editione
1277 873 1502 903 emendaturus
1523 884 1603 904 sum.

183 925 263 956 Cum
283 925 368 956 enim
388 925 419 955 in
440 928 531 956 sexto
551 929 583 955 et
603 925 740 965 septimo
761 924 891 955 Bullarii
912 924 1113 955 Franciscani
1133 924 1346 955 voluminibus
1366 926 1579 963 conficiendis,
1600 927 1831 967 quorum-illud
1851 939 1934 958 anno
1957 929 2032 958 1902
2053 929 2110 959 hoc
2134 930 2209 959 1904
2228 930 2312 960 foras

76 978 196 1010 >datum
211 982 270 1016 est,
294 979 442 1019 Registra
460 978 665 1009 Summorum
682 978 876 1009 Pontificum
892 978 922 1008 in
940 977 1097 1008 tabulario
1113 977 1268 1008 Vaticano
1284 983 1446 1010 asservata
1462 990 1684 1020 percurrerem,
1705 981 1735 1011 in
1752 991 1788 1011 ea
1804 986 1893 1021 parte
1909 992 1972 1022 qua
1987 982 2092 1022 agitur
2108 982 2167 1018 „de
2181 982 2312 1013 diversis

81 1029 224 1069 formis“',
244 1032 304 1069 „de
321 1031 485 1068 indultis“,
503 1032 533 1062 in
551 1031 694 1072 epistulis
712 1031 772 1068 „de
788 1031 914 1068 Curia“,
931 1031 961 1061 in
979 1031 1064 1061 libris
1082 1031 1299 1068 „diversorum
1316 1032 1539 1063 cameralium“
1557 1033 1658 1064 multa
1674 1038 1771 1074 atque
1785 1035 1894 1074 gravia
1911 1034 2015 1065 inveni
2031 1035 2070 1065 de
2086 1035 2239 1076 episcopis
2254 1035 2313 1066 illis

82 1085 282 1127 temporibus
301 1086 470 1126 promotis;
490 1096 515 1115 e.
535 1096 564 1126 g.
584 1085 643 1125 legi
662 1084 730 1115 aliis
749 1085 903 1125 episcopis
922 1089 1048 1125 tempus
1066 1095 1132 1115 esse
1151 1089 1365 1125 prorogatum,
1385 1096 1448 1126 quo
1466 1097 1581 1116 munus
1599 1087 1842 1117 consecrationis
1860 1087 2048 1128 acciperent,
2068 1088 2136 1118 aliis
2154 1088 2314 1119 licentiam

78 1149 149 1171 esse
167 1139 291 1176 datam,
312 1150 375 1180 quo
395 1139 426 1169 id
446 1149 562 1169 munus
581 1139 647 1169 sine
666 1138 859 1178 praeiudicio
879 1138 953 1168 iuris
972 1138 1209 1178 metropolitani
1229 1149 1247 1168 a
1266 1149 1467 1179 quocumque
1486 1139 1671 1170 maluissent
1690 1140 1836 1180 episcopo
1855 1141 2010 1171 catholico
2029 1142 2217 1182 acciperent,
2237 1142 2314 1172 alios

83 1193 214 1224 nuntios
236 1192 287 1223 vel
309 1192 492 1223 collectores
516 1192 546 1222 S.
572 1192 660 1222 Sedis
682 1192 883 1232 Apostolicae
905 1202 970 1222 esse
993 1192 1182 1222 nominatos.

194 1245 264 1282 Qua
285 1246 316 1276 in
339 1257 370 1276 re
391 1256 464 1276 cum
485 1245 537 1276 alii
559 1246 618 1276 viri
638 1245 823 1282 doctissimi,
852 1245 906 1285 qui
928 1245 957 1275 in
980 1245 1109 1275 archivo
1133 1244 1162 1275 S.
1187 1245 1275 1275 Sedis
1295 1245 1408 1276 studiis
1429 1249 1556 1283 vacant,
1587 1250 1656 1276 tum
1677 1250 1751 1277 ante
1773 1257 1880 1277 omnes
1902 1247 2002 1277 Rmus
2023 1247 2177 1278 Dominus
2199 1248 2316 1278 Paulus

83 1299 185 1330 Maria
211 1298 429 1340 Baumgarten
455 1299 577 1335 doctor,
605 1298 766 1339 praelatus
790 1298 983 1329 domesticus
999 1298 1029 1328 S.
1059 1298 1255 1335 Sanctitatis,
1282 1309 1471 1339 magnopere
1496 1310 1546 1329 me
1571 1299 1772 1335 adiuverunt,
1799 1310 1870 1330 cum
1896 1310 1977 1340 quae
2002 1300 2060 1341 ipsi
2086 1300 2316 1341 indagaverant

83 1363 209 1384 mecum
229 1353 513 1383 communicarent.
553 1352 610 1382 Cui
631 1352 852 1392 omnibusque,
874 1351 928 1392 qui
947 1351 986 1382 de
1007 1362 1100 1391 opere
1120 1351 1198 1382 bene
1218 1356 1411 1389 meruerunt,
1431 1352 1574 1383 debitam
1593 1353 1729 1392 gratiam
1749 1357 1818 1383 toto
1838 1353 1943 1383 animo
1963 1353 2071 1384 refero.

186 1405 298 1446 Neque
311 1405 407 1436 libros
420 1406 507 1446 typis
520 1405 705 1446 exscriptos,
723 1405 778 1445 qui
791 1405 832 1436 ad
849 1405 982 1435 eandem
996 1416 1061 1435 rem
1080 1405 1283 1445 pertinerent,
1302 1405 1509 1445 neglegendos
1526 1416 1592 1436 esse
1609 1406 1795 1436 arbitratus:
1821 1406 1862 1436 in
1878 1417 1897 1446 p
1910 1417 1924 1436 r
1937 1407 1946 1436 i
1960 1417 1990 1436 m
2004 1407 2038 1436 is
2060 1406 2242 1447 Registrum
2262 1406 2316 1437 Sa-

85 1469 174 1502 crpm
189 1458 401 1500 Anglicanum
416 1459 464 1490 ed.
495 1459 515 1489 S
529 1463 543 1489 t
556 1469 577 1489 u
590 1458 610 1489 b
624 1459 644 1489 b
657 1470 671 1489 s
699 1459 831 1495 excussi,
847 1459 878 1489 in
895 1469 958 1499 quo
973 1458 1039 1488 dies
1054 1459 1328 1489 consecrationum
1343 1469 1452 1489 eorum
1467 1459 1686 1499 episcoporum
1700 1459 1887 1495 referuntur,
1904 1470 2039 1500 quorum
2054 1459 2142 1490 sedes
2157 1460 2188 1490 in
2205 1459 2317 1500 Anglia

80 1516 162 1544 sunt
176 1512 270 1549 sitae;
298 1512 319 1543 d
333 1524 349 1543 e
362 1513 371 1543 i
385 1524 405 1543 n
419 1512 439 1543 d
453 1524 469 1543 e
496 1512 635 1553 primum
652 1512 802 1542 volumen
819 1512 921 1552 operis
937 1522 954 1542 a
971 1511 1042 1542 Rdo
1059 1512 1093 1542 P.
1111 1511 1210 1542 Fideli
1240 1511 1259 1542 S
1273 1523 1291 1542 a
1305 1523 1325 1541 v
1339 1512 1347 1542 i
1361 1523 1378 1542 ο
1409 1511 1438 1542 S.
1458 1512 1487 1542 J.
1506 1512 1592 1548 editi,
1620 1512 1705 1552 quod
1731 1512 1910 1542 inscribitur
1931 1512 2003 1549 „Gli
2019 1512 2139 1543 antichi
2155 1513 2317 1543 vescovati

85 1565 118 1597 d'
134 1565 263 1603 Italia“,
281 1566 406 1607 perlegi,
429 1566 483 1596 ubi
503 1566 615 1596 seriem
636 1565 864 1596 accuratiorem
885 1565 983 1595 habes
1003 1565 1208 1605 antiquorum
1229 1565 1458 1606 episcoporum,
1480 1565 1534 1605 qui
1555 1565 1697 1595 nondum
1718 1576 1772 1606 per
1793 1566 2003 1606 provisionem
2024 1565 2241 1606 apostolicam,
2262 1565 2318 1596 sed

87 1630 142 1661 per
161 1619 348 1650 electionem
368 1619 589 1660 Capitulorum
608 1619 839 1650 cathedralium
860 1618 1141 1659 promovebantur,
1163 1622 1176 1649 t
1190 1629 1209 1648 u
1223 1629 1254 1648 m
1274 1618 1418 1649 tabulam
1438 1618 1562 1648 illorum
1581 1619 1800 1659 episcoporum
1819 1618 2006 1655 titularium,
2027 1619 2081 1659 qui
2101 1619 2318 1659 suffraganeos

84 1683 142 1704 seu
159 1672 328 1704 auxiliares
346 1673 568 1713 episcoporum
586 1672 798 1709 Cameracen„
818 1673 1002 1708 Tornacen.,
1031 1671 1194 1708 Morinen.,
1222 1671 1369 1702 Leodien.
1389 1672 1536 1712 agebant,
1558 1682 1576 1702 a
1594 1672 1632 1702 R.
1651 1671 1690 1702 D.
1710 1672 1743 1702 P.
1764 1672 1913 1702 Ursmaro
1932 1672 1958 1701 Β
1971 1683 1987 1702 6
2001 1683 2014 1701 r
2027 1671 2058 1702 li
2072 1673 2088 1702 e
2101 1683 2115 1702 r
2128 1683 2144 1702 e
2174 1672 2209 1702 O.
2231 1671 2260 1702 S.
2281 1672 2316 1702 B.

82 1730 281 1768 congestam.
322 1726 515 1767 Magnopere
536 1737 611 1756 vero
632 1726 734 1756 Rmus
753 1726 910 1756 Dominus
926 1725 1116 1756 clarissimus
1137 1725 1322 1755 Dominicus
1342 1725 1459 1755 Willi
1481 1725 1555 1755 Ord.
1577 1725 1663 1761 Cist„
1685 1725 1849 1765 episcopus
1866 1725 2109 1765 Limburgensis,
2130 1725 2188 1755 sibi
2202 1736 2251 1755 me
2266 1725 2319 1755 de-

88 1780 204 1817 vinxit,
220 1779 307 1820 quod
323 1791 385 1810 non
401 1780 551 1810 mediocri
567 1790 639 1820 erga
655 1790 705 1810 me
720 1779 826 1810 studio
842 1783 939 1819 atque
954 1779 1151 1819 benignitate
1166 1779 1280 1809 librum
1295 1789 1397 1814 suum,
1414 1789 1508 1818 quern
1525 1778 1584 1814 „de
1598 1778 1761 1808 monachis
1776 1778 1849 1809 Ord.
1866 1778 1940 1808 Cist.
1957 1778 1996 1808 ad
2011 1778 2201 1818 dignitatem
2216 1778 2319 1818 ponti-

89 1833 216 1870 ficatus,
235 1833 464 1870 cardinalatus,
494 1833 697 1874 episcopatus
717 1832 855 1863 evectis“
878 1832 1030 1862 idiomate
1051 1831 1225 1862 Teutonico
1249 1832 1426 1871 scripserat,
1455 1831 1496 1861 ad
1524 1842 1573 1861 me
1597 1832 1723 1861 mittere
1742 1831 1852 1862 voluit.
1891 1831 1991 1861 Multa
2019 1831 2147 1871 quidem
2177 1835 2319 1861 extremo

89 1886 175 1927 operi
194 1897 265 1917 meo
284 1886 426 1917 intexere
446 1891 600 1927 poteram,
622 1886 687 1923 sed,
708 1897 781 1916 cum
802 1886 885 1926 prior
905 1896 976 1926 pars
997 1885 1099 1925 operis
1118 1885 1183 1926 jam
1204 1885 1289 1925 typis
1308 1885 1466 1924 exscripta
1485 1888 1576 1921 esset,
1598 1884 1748 1914 nonnulla
1766 1885 1848 1915 inter
1862 1884 2028 1921 „addenda
2048 1888 2080 1914 et
2099 1883 2318 1914 emendanda“

89 1941 174 1981 (pag.
194 1939 289 1978 VIII)
310 1951 460 1981 reponere
479 1943 608 1971 coactus
631 1950 710 1970 sum.

191 1993 326 2024 Duobus
346 1994 469 2034 magnis
490 1993 716 2030 voluminibus,
738 1993 853 2033 quibus
874 1992 1012 2033 Regesta
1035 1992 1237 2022 Summorum
1258 1991 1451 2022 Pontificum
1471 1991 1511 2021 ab
1532 2002 1615 2021 anno
1638 1992 1714 2021 1198
1733 1991 1773 2021 ad
1797 1992 1873 2021 1304
1893 1991 2098 2021 existentium
2117 1990 2322 2020 continentur

88 2046 152 2086 (ed.
173 2047 253 2087 Aug.
274 2047 299 2077 P
312 2057 330 2077 ο
344 2051 358 2077 t
372 2051 385 2077 t
398 2047 419 2077 h
433 2058 451 2077 a
464 2058 478 2077 s
492 2048 529 2086 t),
549 2058 621 2077 cum
641 2047 707 2087 ipse
725 2047 788 2077 iam
807 2047 837 2077 in
858 2046 959 2086 priore
978 2045 1116 2076 editione
1134 2045 1226 2076 huius
1245 2045 1447 2075 Hierarchiae
1465 2044 1645 2075 Catholicae
1664 2044 1758 2074 medii
1776 2045 1845 2074 aevi
1864 2043 2082 2084 componenda
2101 2043 2251 2073 nonnulla
2268 2043 2321 2073 de-

91 2101 327 2141 prompsissem,
344 2111 426 2140 quae
441 2101 481 2131 ad
498 2111 563 2131 rem
578 2104 771 2140 spectarent,
788 2100 826 2130 R.
844 2099 882 2129 D.
900 2099 947 2129 Al.
964 2098 989 2128 L
1003 2110 1020 2129 a
1035 2110 1052 2129 n
1068 2110 1086 2139 g
1102 2098 1203 2129 multo
1219 2098 1308 2139 plura
1324 2109 1447 2128 mecum
1462 2097 1688 2128 humanissime
1702 2097 1959 2133 communicavit,
1975 2107 2056 2137 quae
2071 2107 2110 2127 ex
2124 2107 2217 2136 opere
2232 2096 2322 2126 Pott-

90 2153 187 2184 hastii
204 2153 365 2184 hauserat.
402 2154 553 2184 Eiusdem
572 2153 620 2184 Al.
640 2153 752 2194 Langii
770 2154 851 2183 Acta
872 2151 1281 2193 Salzburgo-Aquilegensia
1299 2151 1405 2191 aliqua
1423 2151 1499 2181 mihi
1518 2151 1742 2191 praebuerunt,
1761 2150 1875 2190 quibus
1894 2161 1975 2190 quae
1992 2150 2031 2180 de
2049 2149 2322 2189 archiepiscopatu

91 2206 321 2247 Salisburgensi
341 2207 470 2248 eiusque
489 2207 698 2248 suffraganeis
717 2207 749 2237 in
770 2207 870 2247 primo
891 2206 1051 2236 volumine
1071 2205 1239 2242 habentur,
1261 2204 1421 2235 emendari
1446 2207 1628 2244 potuerunt.
1689 2204 1796 2234 Etiam
1816 2203 1853 2234 cl.
1875 2214 1904 2234 v.
1925 2203 2035 2243 Langii
2058 2203 2088 2232 in
2110 2214 2158 2233 me
2178 2202 2322 2232 humani-

89 2263 191 2291 tatem
216 2261 397 2301 gratissima
418 2261 570 2291 memoria
592 2271 773 2301 prosequor.

197 2314 286 2351 Quae
300 2325 372 2344 cum
388 2314 434 2345 ita
448 2315 522 2351 sint,
539 2314 570 2344 in
586 2314 645 2344 hac
661 2314 753 2354 primi
769 2313 939 2343 voluminis
954 2312 1054 2342 altera
1069 2312 1207 2343 editione
1223 2311 1276 2341 vix
1292 2311 1406 2351 pagina
1421 2310 1591 2346 invenitur,
1608 2310 1638 2340 in
1654 2320 1718 2350 qua
1733 2320 1795 2339 non
1811 2309 1869 2339 hoc
1885 2309 1934 2339 vel
1949 2309 2034 2339 aliud
2049 2308 2254 2339 emendatum
2269 2308 2320 2338 sit.

96 2366 200 2404 Quare
217 2378 278 2397 non
293 2367 362 2404 erit,
376 2368 430 2408 qui
444 2371 537 2408 neget
549 2367 683 2398 alteram
698 2367 871 2398 editionem
883 2366 1012 2406 dignam
1026 2376 1101 2402 esse,
1115 2365 1164 2395 cui
1177 2365 1273 2395 etiam
1287 2365 1317 2394 in
1331 2364 1389 2394 illis
1402 2363 1609 2399 bibliotheciS,
1623 2373 1704 2403 quae
1717 2363 1851 2403 primam
1863 2362 2034 2392 editionem
2046 2364 2321 2401 comparaverunt,

91 2420 183 2451 iuxta
206 2420 293 2451 illam
316 2420 403 2451 locus
426 2421 633 2461 relinquatur.

194 2473 370 2514 Dispositio
392 2475 495 2515 operis
517 2474 628 2505 eadem
650 2478 698 2504 est
719 2478 817 2514 atque
840 2473 950 2514 prioris
971 2472 1132 2502 editionis:

195 2528 521 2568 Liber-primus‚qui
547 2531 618 2558 est
644 2527 957 2567 tripartitus,
985 2525 1207 2555 continet
1234 2524 1275 2553 in
1302 2523 1503 2559 primaparte
1529 2522 1695 2553 seriem
1723 2522 2002 2552 Summorum
2030 2520 2323 2550 Pontificum

93 2584 138 2611 et
171 2580 201 2611 S.
228 2580 267 2611 R.
294 2580 329 2611 Ε.
362 2580 689 2611 Cardinalium
720 2580 972 2610 secundum
1003 2578 1212 2608 ordinem
1240 2581 1516 2616 temporum,
1548 2576 1590 2606 in
1621 2575 1719 2606 altera
1748 2575 1973 2605 notitiam
2004 2573 2322 2604 cardinalium

94 2644 173 2674 per
197 2633 376 2664 titulos
401 2634 608 2674 ipsorum
633 2634 943 2674 dispositam,
977 2632 1019 2661 in
1044 2631 1136 2663 tertia
1159 2630 1343 2660 nomina
1368 2633 1410 2659 et
1435 2628 1710 2669 cognomina
1734 2627 1983 2658 eorundem
2009 2637 2103 2656 cum
2127 2626 2322 2656 denomi-

95 2687 381 2717 nationibus
416 2687 733 2727 „vulgariter“
768 2685 1017 2717 adhibitis.

198 2740 305 2780 Atque
321 2741 351 2771 in
370 2741 472 2781 prima
488 2741 617 2781 quidem
634 2744 724 2780 parte
740 2751 775 2770 ea
793 2740 899 2770 omnia
916 2742 990 2769 sunt
1006 2741 1179 2777 reportata,
1197 2746 1277 2776 quae
1294 2736 1322 2765 in
1341 2735 1478 2775 registris
1493 2734 1709 2773 similibusque
1726 2733 1811 2764 libris
1827 2733 1944 2763 archivi
1963 2732 2106 2762 Vaticani
2123 2732 2161 2762 de
2180 2732 2323 2762 Summo-

94 2804 166 2823 rum
184 2793 378 2824 Pontificum
394 2793 601 2824 electionibus
618 2798 649 2824 et
665 2793 879 2823 Cardinalium
898 2803 947 2833 pr(
958 2790 1152 2821 motionibus
1168 2793 1243 2819 sunt
1259 2793 1381 2824 notata,
1400 2798 1499 2827 neque
1516 2798 1551 2817 ea
1567 2794 1641 2817 sunt
1658 2786 1809 2826 neglecta,
1827 2797 1907 2826 quae
1923 2785 2128 2816 Contelorius.
2146 2786 2324 2815 (iar-onius-

93 2846 261 2883 Oldoinus,
285 2846 439 2883 Cardena,
460 2847 511 2877 alii
535 2847 780 2887 praestantiores
803 2850 947 2876 auctores
970 2844 1027 2874 hac
1049 2844 1088 2873 de
1111 2854 1141 2873 re
1163 2842 1364 2881 scripserunt.
