2482 3178
171 136 210 167 62
672 133 906 169 cardinales
930 133 1182 177 „vulgariter“
1208 133 1304 168 dicti
1327 133 1576 172 (Tiburtinus
1600 153 1640 157 —
1662 135 1920 175 vivariensis]

172 238 360 270 Tiburtinus
387 249 414 270 v.
443 237 612 279 Philippus
640 237 753 269 Rufini

121 306 123 308 ·
171 292 389 324 Tirasonensis
413 302 440 323 v.
466 291 691 322 Ferdinandus
716 291 850 322 Calvillo

171 345 347 377 Tolosanus
370 356 396 377 v.
421 345 538 376 Petrus
560 345 684 376 Rabati

171 399 394 430 Tricaricensis
418 410 445 430 v.
472 398 612 429 Thomas
637 398 830 429 Braneabius

172 453 367 484 Tudertinus
388 463 415 483 v.
439 452 600 483 Antonius
622 452 662 483 de
684 451 790 483 Calvis

254 531 261 543 ,
379 531 398 544 ,,
431 505 615 546 S‘oephanus
637 505 783 536 Palosius

172 560 297 600 Tureyo
320 559 385 599 (de)
408 570 434 590 v.
459 559 574 590 Petrus
596 558 636 590 de
659 559 785 599 Tureyo

172 613 364 644 Tutellensis
386 623 412 643 v.
436 612 533 653 Hugo
555 613 684 654 Rogerii

171 666 398 697 Ulixbonensis
417 676 443 697 v.
467 666 610 697 Joannes
629 665 669 697 de
688 664 870 707 Azambuja

938 236 1132 278 Urgellensis
1154 247 1180 267 v.
1205 236 1357 267 Nicolaus
1379 237 1526 278 Capoccii

938 290 1046 322 Urries
1069 290 1133 330 (de)
1158 301 1183 321 v.
1209 290 1340 321 Carolus
1362 289 1401 321 (18
1423 290 1532 322 Urries

1679 257 1680 288 3
1713 239 1922 271 venetiarum
1947 251 1974 272 v.
1999 240 2184 272 Ludovicus
2206 241 2330 273 Donati

1679 289 1680 317 ἶ
1711 292 1921 325 Venetiarum
1947 304 1973 325 v.
2004 294 2119 325 Petrus
2142 295 2355 326 Maurocenus

936 344 1061 375 Ursinis
1083 344 1147 383 (de)
1170 354 1195 374 v.
1221 343 1324 380 Jord„
1346 343 1514 375 Poncellus
1535 345 1575 377 de
1595 345 1635 377 U.
1678 336 1679 399 ἢ
1711 346 1920 378 vercellensis
1948 357 1974 378 v.
2007 347 2150 379 Joannes
2179 347 2219 379 de
2248 348 2351 379 Flisco

935 397 1097 428 Uticensis
1120 408 1145 428 v.
1171 396 1258 427 Elias
1281 396 1320 427 de
1343 407 1366 427 S.
1391 398 1508 429 Eredio
1677 404 1679 440 J
1711 399 1856 441 Vergeyo
1877 400 1941 440 (de)
1962 411 1988 432 v.
2011 401 2190 432 Guilelmus
2209 401 2248 433 de
2267 401 2413 443 Vergeyo

934 451 1101 482 Utinensis
1123 462 1149 482 v.
1176 450 1196 481 J
1199 450 1381 490 acob(in)u·s
1403 451 1443 482 de
1465 451 1564 483 Torso
1676 448 1678 508 j
1710 453 1851 485 Vernhio
1875 454 1940 494 (de)
1964 465 1990 485 v.
2014 454 2130 486 Petrus
2152 454 2192 486 de
2214 455 2355 486 Vernhio

934 504 1107 536 Vabrensis
1130 515 1155 535 v.
1182 498 1360 535 Guilelmus
1383 505 1523 546 Bragose
1676 509 1678 524 s
1710 506 1902 538 Veronensis
1924 518 1950 539 v.
1975 508 2116 549 Angelus
2139 508 2339 540 Barbadieus

933 558 1171 589 Valentinensis
1193 568 1219 588 v.
1246 557 1389 589 Jacobus
1411 558 1451 589 de
1473 559 1635 600 Aragonia
1675 526 1678 600 ,Ι
1708 559 1921 592 Viberbiensis
1943 571 1969 592 v.
1993 561 2121 592 Marcus
2143 561 2183 593 de
2204 561 2351 593 Viterbio

933 611 1142 643 Venetiarum
1165 622 1190 643 v.
1216 610 1405 642 Franciscus
1426 612 1558 643 Landus
1609 616 1635 653 {a}
1675 601 1676 616 ¹
1708 613 1905 646 Vivariensis
1928 625 1954 646 υ.
1981 615 2124 647 Joannes
2146 615 2186 647 de
2209 615 2391 647 Bronhiaeo

1162 691 1180 703 ,,
1213 665 1357 696 Joannes
1377 665 1416 697 de
1437 665 1634 697 Placentinis
1921 679 1947 699 v.
1978 668 2094 699 Petrus
2116 668 2156 700 de
2181 668 2357 701 Sortenaco
