2482 3178
167 136 210 169 50
490 135 723 170 cardinales
748 133 906 168 diaconi
930 143 958 167 s.
983 133 1200 173 Eustachii,
1226 142 1255 167 s.
1281 132 1447 176 Georgii,
1471 143 1499 167 s.
1524 134 1682 175 Luciae,
1707 144 1737 169 S.
1761 135 1913 170 Mariae
1936 136 1978 170 in
2001 137 2102 181 Aqu.

171 238 353 270 Bernardus
371 239 411 270 de
429 239 536 276 Turre,
555 249 624 269 can.
643 237 790 278 Lugdun.
811 237 954 277 (XXIII,
974 239 1016 276 9),
1036 248 1136 278 prom.
1160 238 1236 267 1342
1257 237 1344 278 Sept.
1364 238 1413 274 20,
1433 237 1512 268 obiit
1534 239 1607 268 1361
1630 238 1709 279 Aug.
1729 239 1757 270 7.

170 292 285 323 Petrus
304 293 477 329 Flandrini,
497 291 649 323 referend.
672 291 701 333 S:
722 292 756 321 P.
777 291 913 330 (XXVI,
936 292 995 330 10),
1016 302 1116 331 prom.
1138 291 1212 321 1371
1235 291 1309 321 Maii
1327 291 1376 327 30,
1396 291 1477 322 obiit
1497 293 1571 322 1381
1594 292 1668 322 Jan.
1687 293 1736 322 23.

169 345 358 377 Franciscus
379 346 418 377 de
442 346 536 376 Alifia
558 345 712 385 (XXVII,
735 346 797 383 29),
821 355 921 385 prom.
948 346 1021 374 1381
1047 344 1122 375 Dec.
1147 345 1196 382 21,
1219 344 1300 375 obiit
1323 345 1401 374 1390
1425 344 1512 385 Sept.
1535 345 1583 375 27.

171 398 343 430 Balthasar
363 400 468 436 Cossa,
489 398 641 430 referend.
666 398 696 429 S.
719 398 752 428 P.
776 398 948 437 (XXVIII,
970 398 1116 438 6),prom.
1141 398 1218 428 1402
1243 397 1331 428 Febr.
1353 398 1402 435 27,
1423 398 1519 428 exalt.
1542 399 1572 429 in
1596 398 1626 429 S.
1649 398 1683 429 P.
1705 398 1796 430 obed.
1820 399 1925 432 Pisan.
1953 401 2018 440 (Jo.
2041 402 2185 443 XXIII).

176 451 323 483 Alfonsus
345 453 497 489 Farillius,
520 452 637 483 adniin.
660 451 734 482 eccl.
758 451 911 482 Oxomen.
935 451 1076 490 (XXXI,
1102 453 1161 489 14),
1185 462 1285 492 prom.
1310 442 1387 481 1408
1408 462 1450 482 m.
1475 451 1573 492 Sept„
1596 452 1675 482 obiit
1699 453 1776 483 1434
1798 453 1891 485 Mart.
1916 456 1962 486 14.

172 505 316 537 Jacobus
336 506 505 537 Insulanus
525 505 695 545 (XXXIV,
718 505 777 544 17),
799 516 898 545 proni.
922 506 998 535 1413
1022 505 1103 536 Nov.
1130 506 1177 542 18,
1198 504 1276 535 obiit
1299 506 1373 535 1431
1398 504 1487 535 Febr.
1507 506 1536 535 9.

911 604 941 634 S.
978 602 1169 637 Georgii
1201 602 1253 633 ad
1285 602 1435 633 velum
1468 611 1666 635 aureum.

173 674 345 716 Gregorius
365 675 404 706 de
424 675 533 706 Monte
553 674 673 705 Cal-ello
694 676 778 715 (pag.
799 676 816 704 3
838 678 903 705 not.
928 675 939 704 1
963 685 1009 704 nr.
1031 675 1093 712 21),
1115 684 1215 714 prom.
1240 674 1327 710 1190,
1348 673 1428 704 obiit
1450 674 1537 704 1210.

173 727 324 759 Bertinus
343 729 382 759 al.
405 729 589 759 Bertramus
609 728 647 767 (I,
668 729 730 767 24),
751 739 851 768 prom.
875 729 962 764 1212,
982 727 1062 758 obiit
1084 728 1171 758 1216.

171 781 286 812 Petrus
310 782 490 823 Capuanus,
515 782 552 813 el.
578 781 766 812 Antiochen.
793 781 849 820 (II,
874 782 916 820 4),
941 792 1041 822 prom.
1069 782 1156 817 1219,
1181 780 1262 811 obiit
1287 781 1374 811 1242.

171 834 285 866 Petrus
303 836 476 877 Capoccius
493 835 542 875 (V,
562 836 622 874 10),
640 846 740 876 prom.
761 836 838 865 1244
855 846 895 865 m.
913 835 1008 871 Maio,
1026 834 1106 865 obiit
1125 835 1202 864 1259
1224 834 1299 865 Maii
1322 834 1371 865 20.

173 887 348 919 Gaufridus
372 889 536 920 Alatrinus
559 889 645 928 (VII,
670 888 711 927 7),
736 899 835 929 prom.
864 890 937 918 1261
963 899 1004 919 m.
1030 888 1117 925 Dec,
1142 887 1222 918 obiit
1248 887 1334 918 1287.

171 941 286 973 Petrus
308 943 514 984 Peregrossus
536 942 637 981 (XVI,
659 944 701 981 4),
724 953 823 983 prom.
848 943 926 972 1288
946 953 988 972 m.
1010 942 1104 977 Maio,
1126 941 1179 972 trf.
1202 941 1242 972 ad
1263 952 1287 972 s,
1310 941 1406 972 Marci
1430 943 1517 972 1289.

172 995 315 1026 «Iacobus
337 997 510 1038 Cajetanus
530 996 569 1027 de
592 996 815 1036 Stephanescis
837 995 975 1034 (XVIII,
997 995 1066 1034 4),¹)
1089 1006 1189 1036 prom.
1214 996 1292 1025 1295
1313 995 1388 1025 Dec.
1413 994 1459 1031 17,
1481 995 1562 1026 obiit
1584 997 1658 1026 1341
1684 997 1773 1028 Junii
1793 999 1842 1028 23.

173 1048 316 1080 Joannes
338 1050 377 1081 de
400 1051 606 1090 Caramagno,
630 1050 772 1080 notarius
794 1053 897 1090 apost.
921 1049 1064 1088 (XXIII,
1087 1050 1150 1087 25),
1174 1059 1274 1089 prom.
1300 1049 1378 1079 1350
1400 1049 1474 1079 Dec.
1500 1049 1547 1086 17,
1569 1049 1649 1080 obiit
1673 1051 1747 1080 1361
1772 1051 1852 1092 Aug.
1878 1054 1903 1083 1.

173 1102 351 1134 Guilelmus
373 1104 521 1144 Bragose,
542 1103 579 1134 el.
601 1102 737 1134 Vabren.
761 1102 897 1142 (XXIV,
921 1104 981 1142 14),
1003 1114 1102 1143 proni.
1127 1104 1199 1132 1361
1228 1102 1314 1143 Sept.
1339 1102 1385 1139 17,
1407 1102 1459 1133 trs.
1482 1102 1523 1133 ad
1543 1114 1567 1133 s.
1588 1103 1682 1134 Laur.
1704 1104 1735 1135 in
1756 1104 1832 1136 Luc.
1856 1107 1943 1137 1362.

175 1155 317 1187 Jacobus
339 1157 378 1188 de
400 1158 532 1194 Ursinis,
554 1157 697 1187 notarius
717 1160 820 1197 apost.
843 1156 978 1195 (XXVI,
1000 1158 1041 1195 9),
1064 1167 1164 1197 prom.
1189 1155 1263 1186 1371
1286 1156 1360 1187 Maii
1381 1156 1430 1193 30,
1451 1156 1532 1187 obiit
1554 1157 1630 1187 1379
1652 1157 1731 1198 Aug.
1755 1159 1801 1189 13.

173 1209 305 1241 Perinus
329 1211 536 1247 Tomacellus,
559 1214 719 1251 protonot.
742 1214 844 1250 apost.
868 1209 1022 1247 (XXVII,
1045 1211 1107 1248 31),
1130 1220 1231 1250 prom.
1257 1211 1330 1240 1381
1354 1209 1430 1240 Dec.
1454 1211 1503 1247 21,
1526 1210 1578 1240 trf.
1602 1210 1642 1241 ad
1663 1222 1687 1242 s.
1710 1211 1821 1243 Anast.
1847 1213 1933 1244 1385.

172 1262 288 1294 Petrus
310 1264 350 1295 (16
371 1264 605 1305 Luxemburgo,
627 1263 664 1294 el.
686 1264 802 1294 Meten.
826 1263 948 1302 (XXX,
972 1265 1032 1302 19),
1055 1274 1155 1304 prom.
1180 1264 1268 1300 1384,
1290 1263 1370 1294 obiit
1392 1263 1468 1294 1387
1492 1263 1570 1294 Julii
1590 1265 1618 1295 2.

170 1315 325 1348 Galeotus
347 1318 493 1348 Tarlatus
513 1317 552 1348 (16
573 1317 763 1354 Petramala,
785 1317 865 1347 diac.
887 1328 910 1347 s.
934 1317 1079 1358 Agathae
1100 1316 1255 1355 (XXVII,
1277 1318 1318 1356 9),
1341 1310 1455 1347 transl..
1475 1318 1552 1348 1388
1573 1318 1647 1348 Maii
1668 1319 1696 1355 5,
1718 1318 1798 1349 obiit
1818 1330 1843 1350 c.
1868 1321 1955 1351 1400.

170 1369 305 1402 Michael
325 1371 364 1402 de
385 1372 481 1403 Salva
500 1371 640 1411 (XXXI,
660 1372 702 1410 8),
723 1382 822 1412 prom.
846 1372 924 1401 1404
942 1371 1017 1401 Maii
1037 1372 1065 1407 9,
1085 1370 1166 1401 obiit
1187 1371 1263 1400 1406
1285 1371 1363 1411 Aug.
1383 1371 1422 1401 24
1442 1371 1510 1410 (cfr.
1530 1382 1553 1402 s.
1574 1371 1668 1402 Laur.
1688 1372 1719 1402 in
1739 1372 1814 1403 Luc.
1835 1378 1901 1404 not.
1921 1375 1963 1413 2).

170 1423 302 1455 Carolus
324 1425 363 1456 de
385 1426 491 1456 Uri-ies
513 1424 653 1464 (XXXI,
678 1426 738 1464 13),
761 1435 860 1465 prom.
886 1425 963 1454 1408
984 1435 1025 1455 m.
1051 1424 1149 1465 Sept„
1172 1424 1253 1455 obiit
1275 1425 1353 1454 1420
1375 1424 1444 1455 Oct.
1467 1426 1495 1455 8.

172 1476 265 1509 Oddo
285 1478 324 1509 (16
345 1479 509 1516 Columna,
530 1482 691 1520 protonot.
713 1482 815 1519 apost.
838 1478 979 1516 (XXIX,
1000 1479 1042 1517 9),
1064 1489 1164 1518 prom.
1188 1478 1265 1508 1405
1287 1478 1375 1509 Junii
1397 1479 1444 1515 12,
1465 1478 1560 1509 exalt.
1582 1479 1613 1509 in
1636 1478 1666 1509 S.
1688 1479 1721 1510 P.
1744 1479 1850 1514 (Mart.
1872 1480 1922 1520 V).

172 1530 309 1572 Prosper
329 1532 368 1563 de
390 1533 544 1563 Columna
565 1531 718 1571 (XXXV,
742 1533 802 1570 13),
824 1543 925 1573 prom.
950 1532 1026 1562 1426
1047 1532 1122 1562 Maii
1143 1533 1192 1568 24,
1214 1531 1301 1572 publ.
1328 1532 1406 1562 1430
1428 1531 1511 1563 Nov.
1534 1533 1564 1569 8,
1587 1532 1667 1563 obiit
1690 1534 1766 1563 1463
1788 1533 1881 1565 Mart.
1903 1536 1952 1566 24.

929 1631 959 1662 S.
993 1631 1163 1662 Luciae
1197 1631 1239 1661 in
1277 1631 1451 1662 orthea
1484 1631 1668 1670 (silice).

169 1701 304 1733 Cencius
325 1703 468 1734 Sabellus
487 1704 571 1744 (pag.
591 1705 608 1732 3
628 1706 694 1733 not.
718 1704 730 1732 l
752 1714 797 1733 nr.
818 1703 908 1742 22),¹)
928 1713 1028 1743 prom.
1052 1703 1139 1737 1192,
1160 1706 1199 1733 tr.
1219 1702 1260 1733 ad
1283 1702 1333 1733 tit.
1354 1713 1378 1733 s.
1400 1702 1474 1733 Joh.
1495 1708 1527 1733 et-
1546 1702 1636 1734 Pauli
1657 1703 1744 1734 1201.

170 1754 358 1787 Franciscus
380 1756 590 1797 Neapoleonis
611 1756 650 1787 de
672 1756 794 1787 Ursinis
816 1753 955 1795 (XVIII,
977 1757 1019 1795 3),
1043 1767 1143 1797 prom.
1168 1757 1246 1786 1295
1267 1756 1342 1787 Dec.
1368 1755 1414 1793 17,
1437 1756 1518 1787 obiit
1538 1767 1565 1787 a.
1591 1758 1678 1787 1312.

171 1807 354 1841 Galhardus
374 1811 414 1842 de
435 1811 533 1847 Mota,
554 1821 623 1840 can.
648 1810 829 1841 Narbonen.
853 1810 959 1849 (XXI,
982 1810 1023 1848 7),
1047 1821 1147 1850 prom.
1173 1811 1250 1840 1316
1271 1810 1346 1840 Dec.
1372 1811 1418 1846 18,
1440 1809 1522 1841 obiit
1544 1811 1620 1840 1356
1643 1810 1718 1841 Dec.
1740 1811 1789 1841 20.

969 1908 998 1939 S.
1032 1909 1204 1940 Luciae
1236 1909 1281 1939 in
1315 1909 1616 1948 septisolio.1)

169 1977 235 2009 Leo
255 1979 441 2015 Brancaleo,
461 1989 530 2009 can.
552 1990 613 2019 reg.
636 1978 675 2017 (I,
696 1980 738 2017 5),
759 1989 859 2019 prom.
884 1980 971 2016 1200,
992 1979 1045 2010 tri.
1067 1979 1108 2010 ad
1128 1980 1178 2011 tit.
1203 1991 1226 2010 s.
1248 1980 1356 2011 Crucis
1378 1981 1465 2011 1202.

170 2030 318 2073 Pelagius
339 2032 504 2063 Galvanus
524 2032 559 2063 Ο.
583 2032 613 2063 S.
636 2032 672 2063 B.
694 2032 733 2072 (I,
756 2032 816 2071 17),
838 2043 938 2073 prom.
962 2034 1049 2070 1205,
1071 2033 1124 2064 trf.
1146 2034 1187 2064 ad
1206 2034 1257 2065 tit.
1281 2044 1305 2064 s.
1326 2033 1479 2065 Caeciliae
1500 2034 1587 2065 1210.

169 2084 310 2126 Angelus
331 2086 370 2117 de
392 2086 484 2116 Anna
504 2085 543 2117 de
566 2086 768 2126 Summaripa
790 2086 944 2125 (XXVII,
966 2088 1029 2125 43),
1051 2098 1152 2127 prom.
1178 2088 1255 2118 1384
1276 2087 1352 2118 Dec.
1378 2087 1425 2124 17,
1447 2087 1500 2118 trf.
1522 2087 1564 2118 ad
1584 2088 1634 2118 tit.
1659 2099 1683 2119 s.
1706 2088 1842 2120 Pudent.
1867 2090 1953 2120 1396.

1024 2185 1053 2216 S.
1087 2185 1265 2216 Mariae
1298 2186 1342 2216 in
1375 2186 1563 2221 Aquiro.

173 2254 344 2296 Gregorius
364 2258 447 2297 (pag.
468 2258 485 2286 3
504 2260 570 2287 not.
593 2258 605 2286 1
627 2267 673 2286 nr.
693 2257 756 2295 23),
776 2267 875 2297 prom.
898 2257 986 2293 1188,
1006 2256 1058 2287 trf.
1079 2256 1119 2286 ad
1139 2257 1189 2287 tit.
1210 2267 1233 2287 S.
1254 2256 1368 2288 Vitalis
1389 2258 1476 2288 1200.

171 2307 286 2339 Petrus
306 2310 482 2341 Duacensis
502 2310 541 2349 (I,
561 2310 652 2348 23),¹)
673 2321 773 2350 prom.
795 2321 822 2340 a.
846 2311 934 2347 1212,
955 2310 1008 2340 trs.
1030 2310 1071 2340 ad
1094 2310 1242 2341 Sabinen.
1267 2311 1354 2341 1216.

171 2360 371 2393 Bertrandus
391 2363 430 2394 de
450 2364 705 2394 Montefaventio
726 2363 833 2403 (XXI,
855 2365 897 2402 6),
919 2374 1019 2404 prom.
1044 2365 1121 2393 1316
1142 2364 1218 2394 Dec.
1243 2365 1289 2401 18,
1311 2364 1391 2395 obiit
1414 2365 1491 2395 1342
1512 2365 1588 2395 Dec.
1612 2366 1638 2396 1.

172 2413 358 2456 Stephanus
380 2417 512 2454 Alberti,
533 2417 570 2447 el.
592 2418 775 2447 Carcasson.
799 2417 935 2456 (XXIV,
960 2418 1019 2456 13),
1042 2428 1142 2458 prom.
1168 2419 1240 2447 1361
1268 2417 1355 2458 Sept.
1380 2418 1426 2454 17,
1449 2418 1502 2449 trf.
1523 2418 1565 2449 ad
1587 2418 1638 2450 tit.
1660 2429 1684 2450 s.
1708 2418 1802 2450 Laur.
1824 2419 1855 2450 in
1876 2419 1952 2450 Luc.
1976 2421 2064 2451 1368.

172 2467 288 2500 Petrus
306 2470 345 2501 de
365 2470 556 2501 Fetenhiaco
576 2471 606 2501 J.
627 2471 666 2501 U.
685 2471 724 2501 D.
745 2471 868 2510 (XXX,
890 2472 950 2510 18),
969 2482 1070 2511 prom.
1092 2472 1169 2501 1383
1188 2471 1264 2501 Dec.
1284 2472 1333 2508 23,
1352 2471 1433 2502 obiit
1453 2473 1530 2502 1392
1548 2472 1630 2502 Nov.
1650 2473 1679 2503 5.

174 2520 351 2554 Gaufridus
372 2523 486 2560 Boillii,
506 2524 658 2555 referend.
681 2524 758 2555 Ben.
778 2524 864 2554 XIII
886 2524 1026 2563 (XXXI,
1047 2526 1089 2563 3),
1111 2535 1211 2565 prom.
1235 2524 1311 2555 1397
1332 2525 1407 2556 Dec.
1429 2526 1478 2562 22,
1499 2525 1579 2556 obiit
1600 2526 1679 2555 1400
1696 2525 1779 2558 Nov.
1804 2526 1831 2557 7.

477 2631 502 2657 S.
525 2631 631 2660 Georgii
650 2632 684 2657 ad
703 2632 794 2657 velum
812 2638 935 2658 aureum.
1346 2631 1449 2656 -1221
1478 2635 1634 2656 recensetur
1659 2631 1804 2656 Rainerius
1829 2631 1863 2657 de
1888 2632 2052 2658 Urbeveteri
2076 2641 2135 2658 can.
2162 2641 2226 2667 reg„
2251 2634 2300 2667 qui
2323 2634 2410 2660 elimi-

244 2681 265 2714 1)
286 2682 371 2716 Apud
393 2684 535 2716 Cris-{osori
557 2684 580 2708 ei
602 2692 754 2716 cognomen
776 2683 960 2713 ‚‚Sanotucci“
982 2686 1032 2714 est,
1055 2683 1101 2709 sed
1124 2683 1238 2717 quidam
1348 2675 1456 2701 ”andus
1480 2684 1538 2701 8888
1562 2675 1682 2706 Videturr
1707 2684 1771 2701 cum
1796 2676 1870 2701 ‘mna
1894 2677 1954 2710 ejus
1977 2680 2068 2703 eXStet
2092 2677 2265 2711 snbscripffio·

171 2725 298 2752 «Iacobus
316 2728 461 2760 „Cajetani
478 2728 667 2753 Stefaneschi“
682 2728 718 2753 ad
733 2737 756 2753 a.
774 2728 948 2753 1381-1389
961 2731 989 2753 et
1004 2728 1117 2761 quidam
1133 2728 1238 2754 Johan-

171 2777 220 2796 nes
237 2771 424 2802 „Stefanehr‘
441 2772 709 2798 ad·1.1384—1389
725 2775 908 2803 recensentur,
925 2773 972 2806 qui
987 2773 1147 2798 eliminandi
1163 2776 1236 2798 sunt.

1697 2721 1722 2747 S.
1743 2722 1842 2748 Luciae
1860 2722 1889 2747 in
1910 2723 2058 2752 septisolio.

1418 2764 1438 2796 ¹)
1459 2764 1511 2789 Hic
1532 2764 1630 2790 titulus
1650 2774 1673 2790 a.
1697 2765 1763 2791 1587
1784 2773 1832 2798 per
1852 2765 1962 2791 sixtum
1981 2766 2005 2791 V
2024 2774 2186 2800 suppressus
2204 2770 2253 2793 est.

1714 2811 1739 2837 S.
1759 2811 1862 2837 Mariae
1880 2811 1909 2837 in
1927 2811 2040 2842 aquiro.
2236 2833 2238 2835 .

546 2845 571 2871 S·
591 2845 690 2871 Luciae
708 2845 737 2870 in
758 2845 866 2871 orthea·
1418 2853 1438 2884 l)
1459 2853 1537 2878 Inter
1554 2862 1618 2878 eum
1636 2857 1665 2879 et
1683 2854 1756 2879 inter
1774 2854 1961 2880 Bertrandum
1979 2855 2054 2888 apud
2074 2855 2213 2888 Cristosori
2232 2859 2409 2882 recensentur

243 2896 264 2929 l)
286 2897 339 2922 Hic
359 2898 459 2923 titulus
479 2906 502 2923 a.
526 2899 591 2924 1587
612 2906 660 2930 per
681 2898 790 2923 Sixtum
810 2897 835 2923 V
853 2906 1015 2931 suppressus
1033 2902 1083 2924 est.
1292 2895 1293 2906 ¹
1346 2898 1381 2923 ad
1401 2907 1425 2923 a.
1449 2899 1517 2924 1216
1535 2898 1649 2931 quidam
1669 2899 1801 2924 Nieolaus
1820 2902 1848 2924 et
1867 2899 1903 2924 ad
1922 2908 1946 2925 a.
1969 2900 2143 2926 1278—1316
2162 2900 2287 2926 Joannes
2304 2900 2339 2926 de
2357 2900 2407 2927 Co-

243 2941 265 2973 ²)
287 2942 366 2967 Inter
384 2951 448 2967 eum
468 2945 495 2967 et
515 2942 691 2967 Franciseum
709 2942 797 2975 Neap.
817 2942 893 2976 apud
912 2942 1051 2975 Cristofori
1069 2942 1105 2968 ad
1124 2951 1148 2968 a.
1170 2943 1237 2969 1213
1345 2943 1441 2968 lumna
1459 2946 1492 2968 ut
1510 2943 1770 2968 commendatarius.
