2482 3178
0 2992 14 3178 -waevw'w

577 158 811 194 cardinales
835 160 1087 204 „vulgariter‘
1112 161 1207 195 dicti
1230 161 1487 200 (Arelatensis
1512 181 1551 185 —
1573 162 1808 203 'I'heatinuffl

77 263 275 294 Arelatensis
297 273 323 294 v.
347 263 462 294 Petrus
484 262 523 293 de
545 263 641 293 Croso

76 317 288 348 Ariminensis
313 327 339 347 v.
366 316 540 347 Bandellus
565 315 604 346 de
631 315 733 347 Band.

79 369 258 401 Asculanus
280 369 484 409 (Esculanus)
507 380 532 400 υ.
556 369 716 400 Α1110111118
737 369 776 401 (18

165 423 355 454 Arcionibus

77 476 366 508 >Autissiodorensis
389 487 415 507 v.
440 476 554 506 Petrus
577 475 616 506 de
640 476 736 506 Croso

79 530 264 561 Auxitanus
286 541 311 561 v.
338 530 480 561 Joannes
502 529 667 560 Flandrini

82 584 264 615 Aversanus
286 594 312 614 v.
336 582 503 614 Ponoellus
526 583 661 613 Ursinus

82 636 305 669 Avinionensis
331 647 357 668 v.
386 636 544 676 Fayditus
570 635 609 666 de
636 635 735 676 Agris.

82 690 230 722 Barensis
258 701 283 722 v.
313 689 492 721 Landulfus
520 689 738 720 Maramaldus

84 744 184 776 Barro
208 744 272 784 (de)
297 754 322 775 v.
347 743 531 774 Ludovicus
554 742 593 774 de
617 742 717 773 Barro

83 797 258 829 Bellifortis
280 808 305 828 v.
330 798 444 828 Petrus
466 796 594 836 Rogerii

79 851 345 891 Bel(lo)vacensis
361 861 386 881 v.
406 851 548 881 Joannes
564 849 603 880 de
619 850 779 880 Dormans
818 859 819 864 ¹

86 904 224 936 Bernhio
247 915 273 935 v.
297 904 436 936 Vernhio

83 957 273 990 Bisuntinus
297 969 323 989 v.
351 957 527 989 Guilelmus
551 956 590 987 de
615 956 759 996 Vergeyo

86 1012 191 1053 Bohyl
220 1012 284 1051 (de)
315 1022 340 1042 v.
373 1010 562 1042 Gauffridus
591 1009 630 1041 de
660 1009 696 1040 B.

84 1065 283 1097 Boloniensis
305 1076 331 1096 υ.
357 1064 463 1096 Guido
485 1064 524 1095 de
547 1063 682 1094 Bolonia

84 1119 294 1150 Bononiensis
316 1129 342 1149 v.
366 1118 534 1158 Philippus
556 1117 671 1148 Carasa

337 1197 354 1209 ‚,
388 1171 530 1203 Jacobus
554 1170 725 1201 Insulanus

337 1251 354 1262 ,‚
386 1226 555 1256 Cosmatus
577 1224 617 1255 de
640 1224 759 1255 Melior.

186 1304 205 1318 ‚‚
334 1304 353 1317 ,‚
381 1279 541 1310 Antonius
563 1278 726 1308 Corrarius

86 1333 266 1364 Branoatiis
296 1332 360 1371 (de)
392 1344 417 1363 v.
449 1331 628 1363 Rainaldus
657 1331 696 1362 de
727 1331 780 1361 Br.

86 1386 254 1417 Britannia
271 1386 335 1425 (de)
353 1397 378 1417 v.
397 1386 492 1426 Hugo
508 1385 548 1416 de
564 1385 781 1425 Montelegum

86 1440 256 1480 Brugensis
279 1450 304 1470 v.
331 1439 514 1480 Stephanus
537 1439 575 1469 de
601 1438 694 1479 Suisy

87 1493 249 1524 Bulcanus
271 1503 296 1524 v.
320 1493 463 1524 Marinus
486 1492 648 1523 Buleanus

86 1546 329 1588 Burdegalensis
350 1558 375 1578 v.
398 1547 586 1577 Franciscus
606 1545 782 1586 Uguocioni

81 1654 319 1686 ‘Cameracensis
343 1665 368 1685 v.
394 1654 509 1685 Petrus
532 1653 572 1684 de
596 1653 717 1683 Alliaco

84 1708 343 1739 Carcassonensis
364 1719 389 1738 v.
414 1707 597 1748 Stephanus
619 1706 741 1737 Alberti

83 1761 200 1793 Oarillo
223 1761 287 1800 (de)
311 1772 336 1792 v.
361 1761 512 1792 Alfonsus
533 1760 572 1791 de
595 1759 710 1791 Carillo

83 1815 289 1846 Carnotensis
317 1826 343 1846 v.
374 1815 455 1845 Aim.
485 1814 524 1845 de
553 1813 740 1844 Castrolueii

87 1868 308 1900 Cathaniensis
331 1879 356 1899 v.
381 1869 495 1899 Petrus
520 1868 612 1898 Serra

86 1922 244 1953 Chalanto
272 1922 336 1961 (de)
365 1933 390 1952 v.
420 1922 579 1952 Antonius
606 1921 645 1951 de
672 1920 759 1951 Chal.

85 1976 302 2007 Cluniacensis
330 1987 355 2006 v.
386 1975 580 2015 Androynus
608 1974 647 2005 de
675 1974 783 2004 Rocca

85 2029 243 2060 Columna
270 2029 334 2069 (de)
364 2040 389 2059 v.
420 2029 587 2069 Agapitus,
617 2027 720 2064 Oddo,

170 2083 314 2124 Prosper,
343 2082 526 2123 Stephanus
550 2082 590 2113 de
615 2081 679 2112 Col.

89 2137 212 2168 Comite
239 2137 303 2176 (de)
332 2147 357 2167 v.
387 2136 527 2167 Lucidus
553 2136 592 2166 de
619 2135 742 2166 Comite

86 2190 465 2231 Constantinopolitanus
492 2201 517 2220 v.
547 2189 686 2229 Angelus
713 2188 782 2218 Cor.

89 2244 313 2283 Convenarum
335 2255 361 2274 υ.
386 2243 527 2274 Amelius
550 2243 589 2273 de
612 2242 764 2273 Lautrico

337 2323 355 2334 ‚,
388 2298 530 2328 Joannes
559 2296 597 2327 de
627 2295 785 2326 Convenis

338 2376 355 2388 „
388 2351 490 2381 Bertr.
517 2350 556 2380 de
582 2350 724 2380 00811880

89 2403 262 2435 Corfiensis
289 2415 314 2435 v.
346 2405 488 2435 Joannes
514 2403 554 2434 de
583 2402 705 2433 Amelia

90 2457 282 2489 Cusentinus
309 2469 334 2488 υ.
363 2457 514 2488 Nicolaus
539 2456 578 2487 de
607 2455 787 2486 Braneatiis

91 2511 197 2551 Cypro
220 2511 284 2550 (de)
308 2522 333 2542 v.
358 2511 454 2552 Hugo
476 2511 678 2550 Lusignanus

90 2564 214 2604 Cyriaci
238 2566 288 2604 (s.)
312 2576 337 2595 v.
363 2564 514 2595 Nieolaus
536 2564 714 2603 Misquinus

92 2617 237 2658 Dionysii
262 2620 312 2657 (s.)
336 2629 362 2649 v.
388 2617 538 2658 Aegidius
560 2616 698 2657 Rigaudi

93 2671 330 2702 Ebredunensis
343 2683 368 2702 v.
395 2670 592 2702 Bertrandus
611 2670 649 2700 de
668 2669 789 2700 Deucio

340 2750 358 2762 ,,
389 2725 503 2755 Petrus
526 2723 638 2754 Amelii

93 2777 271 2809 Esculanus
292 2789 318 2809 v.
342 2778 520 2809 Asculanus

95 2831 260 2862 Eustachii
284 2834 334 2871 (s.)
361 2843 386 2862 v.
411 2831 561 2862 Alsonsus
584 2829 728 2861 Carillius

364 2911 381 2922 ,,
415 2885 586 2915 Balthasar
609 2884 704 2914 Cossa

364 2964 381 2975 ,,
415 2938 557 2969 -Jacobus
580 2937 751 2967 Insulanus

815 288 817 307 1

848 263 1013 294 Eustachii
1035 265 1086 304 (s.)
1109 275 1136 295 v.
1160 265 1273 295 Petrus
1296 265 1460 296 Flandrini

816 310 817 317 ¹
850 316 1044 347 Fetenhiaco
1073 317 1137 357 (de)
1167 329 1193 348 v.
1223 318 1338 349 Petrus
1365 318 1405 349 de
1433 318 1503 350 Fet.

850 369 1019 400 Firmanus
1043 381 1068 401 v.
1094 371 1282 402 Dominicus
1305 371 1344 402 (18
1369 372 1545 412 Capranica

850 423 953 454 Flisoo
978 423 1042 462 (de)
1067 435 1093 455 v.
1121 424 1263 456 Joannes
1287 424 1367 455 Lud.
1393 425 1432 456 de
1456 425 1502 456 Fl.

850 476 1053 507 Florentinus
1076 488 1100 508 v.
1125 478 1265 519 Angelus
1286 478 1465 509 Acciaiolus

1077 556 1095 568 ,‚
1126 531 1314 562 Francisous
1336 531 1375 562 de
1398 532 1493 572 Aptis

1077 609 1095 621 ‚,
1126 584 1314 615 Franciscus
1336 585 1502 616 Zabarella

934 661 951 673 ‚,
1078 662 1096 674 „
1127 638 1242 668 Petrus
1265 638 1414 669 Corsinus

818 675 819 679 i
851 690 942 720 Fuxo
966 689 1030 729 (de)
1054 701 1079 721 v.
1104 691 1218 722 Petrus
1240 691 1279 722 de
1302 691 1393 722 Fuxo

818 754 820 801 ζ
852 743 1069 774 Gebennensis
1092 755 1118 775 v.
1143 745 1298 785 Rogerius
1320 744 1360 775 de
1385 745 1546 776 Gebennis

853 797 1067 827 Gerundensis
1094 809 1119 828 v.
1149 798 1281 838 Bereng.
1310 797 1349 828 de
1377 798 1546 839 Anglesola

853 850 995 881 Giffonio
1025 850 1089 889 (de)
1120 862 1145 881 v.
1177 851 1361 882 Leonardus
1391 852 1483 882 Rossi

818 923 820 929 .
853 903 1025 934 Gradensis
1054 915 1079 934 v.
1110 904 1249 935 Thomas
1277 904 1316 936 de
1346 905 1505 945 Frignano

853 956 1079 988 Glandatensis
1102 968 1126 988 v.
1151 958 1255 989 Bertr.
1279 959 1427 999 Atgerius

851 1010 1163 1050 Hierosolymitanus
1191 1022 1216 1042 v.
1247 1012 1349 1042 Bertr.
1379 1012 1418 1042 de
1446 1011 1544 1042 Chan.

975 1089 992 1100 ‚,
1138 1075 1163 1095 v.
1196 1065 1363 1106 Philippus
1377 1065 1546 1096 Cabassole

851 1117 1015 1158 Hispanus
1038 1128 1063 1148 v.
1087 1118 1238 1158 Aegidius
1265 1118 1335 1149 Alv.
1363 1118 1523 1149 Albornoz

1038 1196 1056 1208 ,,
1087 1171 1201 1202 Ρ811118
1227 1172 1319 1202 Fern.
1346 1172 1385 1202 de
1412 1172 1547 1213 Frigidis

1039 1250 1056 1261 ,‚
1088 1224 1202 1255 Petrus
1218 1225 1357 1256 Gometii
1372 1226 1479 1264 (XXI,
1494 1227 1546 1264 24)

820 1271 821 1275 ¹
852 1278 1033 1308 Hostiensis
1058 1289 1083 1308 v.
1109 1278 1262 1310 Ostiensis

820 1367 821 1380 ἵ
854 1331 1026 1362 1181111811818
1049 1342 1074 1361 v.
1099 1331 1242 1362 Barthol.
1266 1331 1305 1362 de
1328 1332 1474 1363 Cucurno

853 1384 1038 1415 [seruiensis
1056 1395 1082 1415 v.
1102 1385 1349 1425 Christophorus
1368 1385 1407 1416 de
1425 1386 1547 1419 Maron.

820 1435 821 1477 ᾗ
853 1437 1030 1468 Laudensis
1064 1438 1115 1477 (de
1149 1438 1271 1477 Laude)
1307 1450 1332 1469 v.
1368 1439 1508 1480 Angelus

936 1491 974 1522 de
998 1492 1091 1522 Anna
1113 1492 1152 1523 (18
1178 1492 1381 1532 Summaripa

821 1525 822 1553 1
854 1545 1075 1576 Laudunensis
1101 1556 1126 1576 v.
1153 1546 1267 1576 Petrus
1292 1545 1414 1586 Ayssel.
1441 1546 1479 1577 de
1505 1547 1546 1578 M.

81 1600 402 1641 Caesaraugustensis
411 1611 436 1631 v.
449 1599 626 1632 Guilelmus
635 1599 674 1629 de
683 1598 781 1639 Agris.
821 1594 822 1613 ¹

854 1599 1089 1629 Lemovicensis
1118 1610 1143 1629 v.
1175 1599 1316 1630 Joannes
1344 1599 1383 1630 de
1412 1600 1507 1631 Croso

822 1655 824 1684 ὲ
854 1652 1038 1683 Leodiensis
1060 1663 1085 1683 v.
1111 1653 1253 1683 Joannes
1276 1653 1398 1693 Aegidii

822 1736 823 1747 ἦ
854 1706 1076 1746 Lugdunensis
1098 1717 1123 1736 v.
1150 1706 1292 1737 Joannes
1314 1706 1430 1736 Talaru

854 1760 945 1790 Luna
971 1759 1034 1798 (de)
1058 1770 1083 1790 v.
1108 1760 1222 1790 Petrus
1244 1760 1283 1790 de
1305 1760 1394 1790 Luna

854 1813 1079 1854 Luxemburgo
1104 1813 1168 1852 (de)
1194 1824 1220 1843 υ.
1246 1814 1360 1844 Ρ811118
1384 1813 1423 1843 (18
1448 1813 1527 1845 Lux.

855 1866 1087 1906 Magalonensis
1110 1878 1135 1897 v.
1160 1866 1337 1907 Audoynus
1361 1867 1482 1897 Alberti

822 1931 823 1952 3
855 1920 1171 1961 Majorismonasterii
1186 1931 1211 1950 v.
1228 1920 1384 1951 Geraldus
1397 1920 1436 1951 (18
1450 1921 1549 1952 Podio

857 1974 1073 2005 Malleacensis
1100 1985 1125 2005 v.
1156 1974 1269 2004 Petrus
1297 1974 1335 2004 de
1364 1974 1488 2013 Tureyo

857 2027 1039 2068 Manupello
1061 2028 1125 2067 (de)
1147 2038 1172 2057 Γ.
1195 2027 1334 2057 Thomas
1355 2027 1425 2057 Urs.
1447 2027 1486 2058 de
1507 2028 1548 2058 Μ.

856 2081 994 2112 Marcelli
1018 2083 1069 2120 (8,)
1093 2092 1117 2112 v.
1144 2081 1302 2111 Antonius
1324 2081 1456 2111 Casinus

856 2135 951 2165 Marci
977 2137 1028 2174 (s.)
1052 2146 1077 2165 v.
1103 2134 1280 2166 Guilelmus
1302 2134 1448 2164 Filiastre

857 2188 1012 2219 Martialis
1040 2190 1090 2227 (s.)
1118 2199 1143 2218 Γ.
1172 2188 1267 2228 Hugo
1294 2187 1332 2218 de
1359 2199 1383 2218 8.
1412 2187 1550 2218 Martiali

824 2237 825 2283 J
856 2241 1060 2272 Massiliensis
1083 2253 1108 2272 v.
1134 2241 1311 2272 Guilelmus
1335 2241 1435 2271 Sudre

824 2290 825 2301 ¹
857 2295 1101 2326 Mediolanensis
1124 2306 1149 2325 Γ.
1180 2295 1294 2325 Ρ811·118
1322 2294 1360 2325 (18
1390 2294 1510 2325 08η(118

1126 2374 1143 2384 ,,
1178 2348 1285 2379 Simon
1317 2348 1356 2378 de
1389 2348 1531 2378 Borsano

825 2383 826 2434 i
859 2374 1054 2442 Mentoiiayo
1083 2402 1146 2440 (de)
1176 2413 1201 2432 v.
1233 2401 1374 2432 Jacobus
1402 2401 1440 2431 de
1469 2401 1509 2431 M.

858 2456 1025 2486 Militensis
1048 2466 1072 2486 v.
1097 2455 1262 2486 Conradus
1283 2454 1482 2485 Caracciolus

859 2509 1057 2540 Mimatensis
1084 2520 1109 2539 v.
1139 2508 1315 2539 Guilelmus
1340 2507 1378 2538 (18
1405 2507 1552 2538 (11811880

860 2563 1119 2603 Monopolitanus
1138 2573 1163 2592 v.
1185 2562 1371 2592 Franciscus
1390 2560 1554 2591 Oai-bonus

860 2617 1155 2656 Montisaragonum
1181 2626 1206 2645 v.
1234 2616 1376 2645 Joannes
1400 2613 1555 2645 Murillius
1593 2607 1594 2612 ¹

862 2670 1112 2710 Montismajoris
1136 2680 1159 2699 11.
1184 2669 1298 2699 Ρ811118
1319 2668 1358 2698 (18
1382 2668 1510 2697 Banaco

862 2723 1057 2754 Montisolivi
1083 2734 1106 2753 17.
1132 2721 1308 2753 Guilelmus
1330 2721 1368 2751 (18
1393 2721 1478 2750 Aura

863 2777 1049 2807 Morinensis
1076 2787 1101 2806 11.
1131 2775 1280 2815 Aegidius
1307 2774 1449 2815 Ayeelini
1476 2773 1514 2804 de

946 2831 1154 2860 Monteaeuto

831 2882 832 2903 ³
863 2883 997 2914 Murolio
1021 2883 1084 2922 (de)
1109 2894 1134 2913 v.
1160 2882 1301 2912 Joannes
1323 2881 1362 2911 de
1384 2881 1518 2911 Murolio

831 2966 833 2982 Ι
864 2937 1081 2967 Narbonensis
1113 2947 1138 2966 v.
1173 2935 1286 2965 Petrus
1322 2933 1445 2964 Judicis

2271 170 2308 201 61

1617 266 1850 307 Neapolitanus
1865 277 1891 298 υ.
1908 267 2066 299 Henricus
2086 268 2125 300 de
2145 269 2312 303 Minutulis

1866 346 1884 358 ,,
1909 321 2042 352 Perinus
2070 323 2268 355 Tomacellus

1866 399 1884 411 „
1908 374 2048 406 Thomas
2076 375 2115 406 de
2144 377 2312 409 Amanatis

1617 426 1843 457 Nemausensis
1864 438 1890 458 v.
1914 428 2057 459 Joannes
2077 429 2116 460 de
2137 430 2312 462 Blandiaco

1617 479 1809 511 Nicosiensis
1831 491 1857 511 υ.
1882 481 1969 512 Elias
1991 482 2030 512 de
2052 482 2219 514 Nabinalis

1617 533 1823 564 Novariensis
1852 545 1878 565 v.
1908 534 2078 566 Ardicinus
2106 536 2145 567 de
2173 537 2271 568 Porta

1617 587 1818 617 Novoeastro
1841 587 1905 627 (de)
1929 599 1954 619 v.
1981 589 2122 620 Joannes
2144 589 2183 621 de
2205 590 2286 622 Nov.

1617 640 1795 671 Nucerinus
1814 651 1839 671 v.
1860 641 1963 672 Lucas
1982 642 2113 673 Rodulf.
2133 643 2172 674 de
2193 644 2310 676 Gentil.

1618 693 1773 724 Ostiensis
1799 705 1825 725 υ.
1856 694 1998 726 Joannes
2025 696 2064 727 de
2092 696 2271 728 Bronhiaeo

1688 772 1706 783 ,,
1856 747 2015 779 Η811118118
2040 749 2080 780 (18
2105 750 2216 781 Barth.

1617 800 1790 831 Paduanus
1833 811 1859 831 υ.
1906 801 2050 833 Β8111101.
2093 803 2132 834 (18
2173 803 2311 842 Uliariis‚

1700 854 1823 885 Bonav.
1848 854 2028 886 Baduarius

1617 907 1870 947 Pampilonensis
1886 919 1911 938 v.
1930 909 2043 939 Petrus
2065 909 2103 940 de
2125 910 2312 942 Monteruco

1887 986 1904 997 ‚‚
1928 962 2086 993 Martinus
2110 962 2149 993 de
2176 963 2272 994 Salva

1887 1039 1904 1051 ,,
1929 1015 2064 1046 Μ1811881
2086 1016 2125 1046 (18
2150 1016 2246 1047 Salva

1618 1067 1803 1097 Parisiensis
1826 1078 1851 1098 υ.
1878 1067 2060 1109 Stephanus
2082 1069 2121 1100 de
2143 1069 2255 1111 Poissy

1825 1146 1843 1157 „
1875 1121 1991 1152 Aimer.
2016 1122 2055 1153 de
2077 1122 2234 1154 Manhaco

1619 1173 1879 1204 Pedemontanus
1903 1185 1928 1205 v.
1954 1175 2092 1206 Thomas
2116 1176 2155 1207 de
2178 1177 2313 1208 Casasco

1620 1227 1825 1258 Penestrinus
1847 1238 1872 1258 v.
1897 1228 2123 1260 Praenestinus

1620 1280 1790 1311 Perusinus
1811 1291 1836 1311 v.
1860 1281 2003 1313 Andreas
2024 1283 2118 1314 Mart.
2141 1283 2313 1325 Bontempi

1619 1334 1886 1374 Petragoricensis
1911 1346 1936 1365 v.
1964 1335 2050 1366 Elias
2075 1336 2200 1377 Talayr.
2227 1337 2311 1369 Petr.

1619 1387 1802 1418 Petramala
1815 1398 1840 1418 v.
1857 1388 2010 1419 Galeotus
2023 1389 2106 1420 Tarl.
2120 1389 2159 1421 de
2172 1390 2311 1422 Petram.

1619 1441 1706 1471 Petri
1729 1442 1779 1480 (s.)
1803 1452 1829 1471 v.
1853 1441 1878 1471 F
1881 1442 2041 1473 ranciseus
2062 1443 2101 1473 de
2123 1443 2276 1475 Thebald.

1807 1520 1825 1531 a,
1858 1495 2000 1526 Joannes
2022 1496 2196 1527 Cervantes

1620 1547 1818 1578 Pictavensis
1841 1558 1866 1578 v.
1893 1548 1997 1579 Guido
2019 1549 2059 1580 de
2080 1549 2249 1581 Malosicco

1620 1601 1754 1631 Pisanus
1776 1612 1802 1631 v.
1827 1601 2014 1632 Francisous
2036 1602 2197 1634 Moricotti

1778 1679 1796 1691 ,,
1827 1654 2025 1686 Alamannus
2047 1656 2229 1687 Adimarius

1621 1707 1825 1738 Placentinus
1853 1719 1878 1738 v.
1909 1709 2038 1739 Branda
2065 1709 2104 1740 de
2131 1710 2314 1741 Castillione

1621 1761 1721 1791 Podio
1744 1761 1808 1800 (de)
1833 1772 1857 1791 v.
1883 1762 1997 1792 Petrus
2021 1762 2152 1793 Gerardi

1621 1814 1805 1845 Portuensis
1828 1826 1853 1845 v.
1878 1815 1992 1846 Petrus
2015 1816 2163 1847 Corsinus

1620 1868 1846 1898 Praenestinus
1873 1879 1898 1899 υ.
1929 1869 2034 1900 Guido
2060 1869 2098 1899 de
2124 1870 2293 1900 Malosiooo

1621 1921 1722 1951 Puteo
1746 1921 1809 1959 (de)
1834 1932 1859 1952 v.
1884 1922 2045 1953 Imbertus
2067 1923 2106 1953 de
2129 1923 2230 1953 Puteo

1625 1974 1969 2014 Quinqueecolesiensis
1996 1986 2021 2006 v.
2050 1975 2238 2007 Valentinus
2263 1987 2312 2017 ep.

1621 2028 1853 2058 Racanatensis
1876 2039 1901 2058 v.
1926 2029 2065 2069 Angelus
2089 2029 2183 2060 Ghini
2206 2030 2248 2060 M.

1622 2081 1804 2121 Ragusinus
1826 2092 1851 2112 v.
1878 2082 2020 2113 Joannes
2042 2083 2199 2113 Dominici

1623 2135 1879 2165 Ravennatensis
1891 2146 1916 2165 v.
1929 2136 2070 2166 Joannes
2081 2136 2119 2166 de
2130 2136 2313 2173 Mehoratis,

1704 2188 1810 2218 Pileus
1832 2188 1871 2219 de
1894 2188 1991 2219 Prata

1623 2241 1789 2271 Remensis
1812 2252 1837 2271 r.
1864 2241 1971 2272 Simon
1995 2242 2034 2272 de
2057 2242 2235 2272 Cramaudo

1590 2325 1591 2336 γ
1623 2295 1789 2325 Romanus
1815 2305 1839 2324 v.
1867 2295 1981 2325 Petrus
2006 2295 2045 2325 de
2073 2295 2295 2336 Stephanescis

1623 2347 1891 2388 Rothomagensis
1913 2359 1938 2379 v.
1965 2349 2106 2379 Joannes
2123 2349 2162 2379 de
2179 2349 2314 2389 Rupeso.

1626 2401 1844 2431 Salernitanus
1863 2412 1889 2432 v.
1912 2401 2088 2432 Guilelmus
2106 2402 2145 2433 de
2165 2402 2316 2433 Altavilla

1627 2455 1757 2485 Salutiis
1785 2454 1849 2493 (de)
1880 2466 1903 2485 υ.
1934 2455 2092 2486 Amedeus
2119 2456 2158 2486 de
2188 2455 2318 2486 Salutiis

1627 2508 1800 2538 Saturnino
1823 2507 1874 2546 (de
1896 2510 1933 2546 s.)
1957 2519 1982 2539 r.
2006 2508 2156 2539 Nicolaus
2177 2509 2215 2539 de
2236 2520 2260 2539 s.
2285 2509 2316 2540 S.

1592 2595 1593 2600 ¹
1628 2561 1735 2591 Scotia
1759 2561 1822 2600 (de)
1847 2572 1872 2591 v.
1897 2561 2057 2592 Walterus
2079 2562 2236 2593 Wardlaw

1627 2614 1773 2645 Senensis
1795 2625 1820 2644 v.
1846 2614 1974 2645 Gabriel
1997 2615 2237 2647 Condulmerius

1593 2658 1596 2690 l
1629 2668 1718 2698 Senis
1747 2667 1810 2706 (de)
1840 2679 1866 2698 v.
1896 2668 2053 2699 Ricardus
2082 2669 2238 2699 Petronus

1594 2729 1596 2738 ’
1630 2721 1711 2751 Sixti
1747 2722 1797 2759 (s.)
1836 2732 1861 2751 v.
1899 2721 2041 2752 Joannes
2072 2722 2111 2753 de
2142 2723 2318 2759 casanova,

1712 2774 1852 2805 Joannes
1876 2774 2036 2805 Dominici

1595 2853 1598 2867 ,
1631 2828 1845 2858 Sistaricensis
1868 2839 1893 2858 v.
1918 2828 2089 2858 Rainulfus

1596 2875 1598 2882 '
1629 2881 1820 2911 Tarentinus
1842 2892 1867 2911 v.
1892 2881 2074 2912 Ludovicus
2097 2882 2232 2913 Bonitus

1629 2934 1804 2965 Theatinus
1826 2945 1852 2965 v.
1877 2934 2032 2965 Elziarius
2054 2935 2092 2966 de
2118 2935 2206 2966 Sabr.
