2482 3178
163 147 205 179 34
990 142 1224 177 Cardinales
1249 142 1324 176 sub
1348 142 1523 177 Martino
1547 143 1581 178 V

876 242 917 280 S.
950 242 998 279 R.
1029 242 1076 279 E.
1108 241 1330 279 cardinales
1358 241 1404 279 ab
1435 241 1521 291 ipso
1549 242 1716 287 creatis-¹)

821 338 852 375 a)
876 337 910 367 z'n
932 336 1036 377 prima
1057 335 1247 376 promotione
1269 335 1318 366 die
1339 335 1380 366 24
1402 336 1489 366 Maii
1513 336 1591 367 1426
1612 336 1759 377 habitafl)

186 411 216 450 1)
238 411 383 443 Joannes
401 411 439 442 de
456 410 665 446 Ruppescissa
683 408 936 448 (Rochetaillee),
956 418 1025 448 aep.
1046 406 1240 447 Rothomag.
1264 422 1295 432 =
1318 407 1368 446 tit.
1389 418 1412 438 S.
1433 407 1527 439 Laur.
1548 408 1579 438 in
1598 408 1714 448 Luc.‚³)
1733 410 1752 450 †
1771 409 1935 441 Bononiae
1956 410 2033 441 1437
2052 411 2146 443 Mart.
2166 413 2220 450 24;

182 464 215 503 2)
238 465 414 496 Ludovicus
431 464 611 498 Alamandi,
631 473 699 503 aep.
721 461 879 493 Arelaten.
904 477 935 486 z
959 461 1008 492 tit.
1029 471 1053 490 S.
1074 459 1238 497 Caeciliae,
1258 459 1298 490 ab
1318 460 1397 501 Eug.
1419 461 1464 492 IV
1485 462 1564 492 1440
1582 462 1738 502 privatus,
1758 473 1777 493 a
1795 462 1864 494 Nic.
1884 463 1913 494 V
1931 465 2143 504 restitutus;⁴¹)

325 840 343 879 †
365 839 397 870 in
419 838 576 879 Hispania
599 838 676 868 1453
699 837 781 867 Nov.
804 838 858 873 25;

206 571 215 610 )
241 572 381 603 Joannes
401 572 439 602 de
457 572 564 602 Bucea
583 570 759 610 Pragensis,
780 580 828 609 ep.
851 568 1035 599 Olomucen.
1060 583 1091 592 z
1116 568 1167 598 tit.
1189 578 1212 598 S.
1235 567 1368 609 Cyriaci,
1389 568 1408 608 †
1430 569 1509 599 1430
1528 568 1599 600 Oct.
1621 570 1654 606 9;

205 625 214 663 )
236 626 395 657 Antonius
415 625 555 659 casinus,
577 634 624 664 ep.
649 623 761 654 Senen.
787 637 818 647 Ξ
842 622 893 652 tit.
915 632 939 652 s.
961 620 1111 657 Marcelli,
1134 620 1218 661 vulg.
1242 632 1287 658 „s
1309 621 1484 659 Marcelli“‚
1504 622 1523 662 †
1544 622 1724 654 Florentiae
1746 624 1824 654 1439
1845 623 1937 655 Febr.
1959 625 2020 663 4;5)

205 678 214 716 )
236 679 384 710 Nicolaus
403 679 441 709 de
459 677 635 712 Albergatis
656 676 692 707 Ο.
715 675 872 712 carthus..
893 686 942 716 ep.
964 675 1140 705 Bononien.
1166 690 1197 700 =
1222 675 1273 705 tit.
1295 685 1318 705 s.
1340 675 1448 706 Crucis
1468 676 1500 706 in
1520 675 1619 713 Hier„
1641 677 1660 716 †
1682 676 1771 707 Senis
1792 678 1870 707 1443
1891 677 1967 709 Maii
1986 679 2019 714 9;

204 732 213 770 )
236 732 435 764 Raimundus
454 731 632 766 Mairosius‚
654 741 702 771 ep.
726 730 867 761 Castren.
892 729 936 769 (in
958 728 1073 767 Gallia)
1099 743 1131 753 z
1157 728 1207 759 tit.
1231 739 1254 759 s.
1277 728 1440 766 Praxedis,
1463 730 1482 769 †
1503 729 1626 760 Romae
1649 730 1727 761 1427
1749 731 1820 762 Oct.
1842 732 1896 768 21;

204 785 213 823 )
237 787 378 818 Joannes
393 786 468 824 (non
484 784 655 822 Antonius)
670 784 847 818 cavantes,
863 781 1032 813 archidiac.
1049 781 1214 822 Hispalen.
1234 797 1265 807 =
1284 783 1334 813 tit.
1351 792 1374 812 S.
1391 782 1478 813 Petri
1493 782 1534 813 ad
1548 783 1643 820 vinc.‚
1659 787 1771 824 postea
1786 785 1892 824 (1446)
1907 795 1956 826 ep.
1973 785 2106 824 Ostien.,
2122 786 2207 828 vulg.
2224 798 2270 825 „s.
2285 787 2408 827 Petri“,

183 893 214 932 9)
236 894 404 924 Ardicinus
422 893 460 923 de
478 893 573 923 Porta
593 890 852 928 ,‚Novariensis“‚
874 889 988 926 advoc.⁴
1006 890 1135 920 consist.
1161 905 1192 914 z
1215 889 1296 920 diac.
1318 899 1357 919 ss
1379 889 1512 921 Cosmae
1531 894 1563 921 et
1583 891 1688 928 Dam.,
1709 891 1728 931 †
1748 892 1871 923 Romae
1892 893 1970 922 1434
1990 892 2066 934 Apr.
2087 894 2105 924 9
2113 904 2120 931 ;

162 946 213 986 10)
236 948 330 982 Hugo
347 946 556 981 Lusignanus‚
576 944 613 975 el.
634 944 803 980 Nicosien.‚
823 953 992 985 germanus
1011 943 1092 983 regis
1110 942 1207 983 Cypri
1228 958 1260 968 =
1283 942 1363 974 diac.
1384 953 1407 973 S.
1430 943 1571 981 Adriani,
1591 948 1705 985 postea
1723 946 1829 985 (1431)
1850 946 1900 976 tit.
1921 956 1944 976 s.
1965 945 2137 978 Clementis
2154 947 2270 989 presb„
2289 947 2405 980 deinde

326 1001 431 1039 (1435)
455 1010 503 1040 ep.
528 998 736 1034 Praenestin.,
762 997 822 1035 „de
845 996 983 1037 Cvpro“,
1007 997 1025 1036 †
1048 995 1145 1037 paulo
1168 1000 1243 1027 ante
1266 997 1306 1026 24
1328 996 1408 1037 Aug.
1435 998 1528 1034 1442;

162 1053 212 1092 11)
235 1054 422 1085 Dominicus
437 1054 530 1088 Ram,
549 1063 597 1093 ep.
621 1051 769 1088 fierden„
799 1050 983 1092 publicatus
1013 1050 1092 1080 1430
1118 1050 1200 1081 Nov.
1221 1051 1240 1081 8
1261 1049 1379 1080 collato
1401 1051 1429 1081 ei
1452 1051 1503 1082 tit.
1533 1062 1572 1082 ss.
1600 1051 1674 1083 Joh.
1702 1056 1735 1083 et
1757 1052 1860 1090 Pauli,
1882 1057 1995 1094 postea
2025 1054 2131 1094 (1443)
2166 1065 2216 1096 ep.
2238 1055 2406 1095 Portuen.,

324 1108 343 1147 †
365 1107 488 1137 Romae
512 1106 590 1136 1445
612 1105 688 1146 Apr.
712 1106 765 1142 25;

162 1160 212 1200 12)
234 1161 421 1192 Dominicus
433 1160 471 1192 de
483 1159 665 1195 capranica,
688 1158 807 1190 electus
823 1158 1002 1194 Firmanus,
1026 1156 1113 1198 publ.
1137 1158 1216 1187 1430
1232 1157 1314 1188 Nov.
1329 1159 1348 1188 8
1361 1157 1480 1189 collata
1493 1159 1521 1189 ei
1534 1157 1682 1190 diaconia
1694 1170 1718 1190 s.
1733 1159 1853 1191 Mariae
1867 1160 1899 1191 in
1913 1160 1966 1191 via
1978 1159 2056 1198 lata,
2078 1161 2164 1203 vulg.
2179 1161 2392 1199 ,‚Fi1·manus“

324 1214 342 1254 †
366 1215 444 1244 1458
467 1213 546 1254 Aug.
572 1214 650 1252 143⁷)

163 1268 213 1307 13)
236 1269 368 1304 Prosper
385 1268 445 1303 „de
462 1267 649 1302 columna“‚
667 1277 782 1297 reserv.
802 1266 833 1297 in
852 1269 947 1306 pect.,
966 1263 1053 1305 publ.
1075 1265 1154 1295 1430
1172 1264 1254 1295 Nov.
1273 1266 1292 1295 8
1310 1265 1427 1296 collata
1445 1266 1472 1296 ei
1490 1265 1571 1297 diac.
1591 1276 1615 1301 s.
1637 1266 1773 1308 Georgii,
1792 1267 1811 1307 †
1829 1267 1952 1299 Romae
1971 1269 2049 1298 1463
2067 1268 2161 1300 Mart.
2180 1269 2235 1307 24;

162 1321 213 1360 14)
237 1322 384 1353 Julianus
397 1321 434 1352 de
447 1321 630 1355 Caesarhfis,
645 1319 773 1350 auditor
786 1323 885 1356 rotae,
901 1329 1014 1350 reserv.
1031 1319 1062 1349 in
1077 1322 1171 1358 pect„
1187 1318 1274 1359 publ.
1291 1319 1370 1349 1430
1383 1319 1465 1350 Nov.
1480 1320 1499 1350 8
1513 1319 1582 1350 coll.
1598 1320 1625 1351 ei
1638 1319 1720 1351 diac.
1735 1331 1759 1351 s.
1775 1320 1897 1362 Angeli,
1912 1325 2024 1362 postea¹
2038 1323 2143 1362 (1444)
2158 1333 2207 1364 ep.
2222 1322 2404 1358 Tusculan..
2431 1318 2435 1322 ⁴

326 1375 344 1409 †
367 1376 398 1406 in
422 1374 571 1416 Bulgaria
594 1385 634 1404 m.
660 1373 741 1404 Nov.
767 1374 887 1411 1444;⁰)

864 1461 896 1500 b)
920 1464 954 1492 in
976 1462 1110 1493 secunda
1131 1462 1321 1503 promotione
1342 1461 1423 1492 1430
1445 1462 1523 1493 Nov.
1547 1462 1566 1493 8
1588 1462 1703 1494 habita:

163 1536 213 1574 15)
238 1536 378 1567 Joannes
395 1536 558 1567 casanova
575 1534 612 1565 O.
631 1533 755 1571 Praed„
774 1544 856 1575 mag.
876 1544 899 1564 s.
920 1533 993 1574 pal„
1012 1545 1061 1574 ep.
1081 1533 1222 1572 Elnen.⁸)
1244 1549 1275 1559 Ξ
1298 1534 1348 1565 tit.
1367 1544 1391 1564 S.
1413 1533 1506 1571 Sixti,
1524 1535 1580 1575 qui
1598 1534 1716 1575 pileum
1734 1534 1867 1566 rubrum
1884 1534 1925 1566 ab
1943 1535 2023 1577 Eug.
2043 1535 2089 1567 IV
2105 1535 2157 1567 die
2176 1537 2210 1567 11
2229 1536 2310 1568 Julii
2325 1538 2401 1568 1431

324 1589 446 1630 recipit,
468 1589 487 1628 †
512 1588 689 1619 Florentiae
713 1589 789 1618 1436
812 1588 906 1618 Mart.
932 1589 963 1623 1,

162 1642 213 1681 16)
239 1643 412 1674 Guilelmus
423 1643 568 1674 Dinanus
579 1642 618 1673 de
629 1642 822 1676 Monteferti,
836 1652 885 1682 ep.
900 1641 1100 1678 Maelovien„
1123 1642 1179 1682 qui
1193 1641 1311 1682 pileum
1323 1641 1457 1672 rubrum
1469 1639 1543 1672 cum
1556 1642 1607 1672 tit.
1622 1652 1645 1672 S.
1662 1642 1850 1674 Anastasiae
1862 1643 1975 1684 recipit
1987 1642 2028 1674 ab
2042 1643 2122 1685 Eug.
2137 1643 2184 1675 IV
2196 1643 2247 1676 die
2261 1644 2299 1675 12
2313 1644 2405 1678 Junii

328 1697 415 1733 1432,
438 1696 456 1736 Τ
481 1696 570 1727 Senis
594 1696 671 1726 1432
695 1695 782 1736 Sept.
806 1695 854 1725 27.

237 1838 257 1870 1)
279 1838 471 1864 Cardinalibus
494 1839 529 1864 de
551 1838 710 1864 obedientia
734 1838 799 1864 Ben.
825 1839 899 1864 XIII
924 1839 1119 1872 superstitibus
1142 1842 1170 1864 et
1194 1839 1230 1864 ab

162 1890 224 1916 ipso
243 1883 278 1908 ad
298 1884 436 1909 unitatem
457 1883 594 1909 Ecclesiae
614 1883 794 1908 redeuntibus
814 1883 953 1908 Gebennis
971 1883 1015 1908 die
1036 1884 1047 1908 1
1069 1883 1138 1916 Aug.
1163 1885 1230 1909 1418

163 1927 194 1952 in
215 1935 310 1952 corum
332 1931 410 1953 statu
431 1931 460 1953 et
481 1927 631 1954 honoribus
652 1928 823 1953 confirmatis
844 1931 872 1953 et
894 1927 1070 1953 Balthassare
1091 1928 1126 1953 de
1147 1928 1231 1954 Cossa

164 1971 230 1996 olim
251 1972 360 1998 Joanne
379 1973 483 1998 XXIII
503 1972 658 1997 Florentiae
683 1973 716 1997 23
741 1972 819 1998 <Iunii
840 1973 907 1997 1419
926 1973 953 1997 in
971 1981 1062 2006 epum.
1083 1973 1229 1998 Tusculan.

165 2016 313 2049 praefecto.

243 2061 265 2092 2)
287 2061 321 2086 In
342 2062 432 2095 prima
452 2061 574 2087 editione
596 2061 679 2094 hujus
696 2061 761 2091 vol„
783 2069 870 2094 quum
883 2062 1122 2087 contexuissemus
1134 2062 1232 2087 seriem

164 2105 349 2132 cardinalium
370 2116 387 2132 a
407 2107 490 2132 Mart.
504 2106 528 2132 V
551 2109 718 2136 creatorum,
739 2106 828 2132 secuti
844 2115 941 2132 sumus
953 2107 1113 2140 opinionem
1125 2115 1231 2137 eorum,

161 2150 213 2182 qui
235 2154 421 2182 asseruerunt,
452 2151 606 2177 Martinum
633 2151 656 2176 V
686 2151 744 2184 jam
767 2152 836 2177 1423
858 2151 916 2177 Jul.
939 2152 972 2177 23
1002 2152 1122 2185 primam
1151 2159 1232 2177 suam

164 2196 370 2227 promotionem
398 2196 424 2222 S.
453 2196 486 2222 R.
514 2196 546 2221 E.
569 2196 753 2221 cardinalium
774 2199 924 2222 executum
945 2204 1003 2222 esse
1024 2199 1053 2222 et
1073 2197 1102 2222 in
1122 2204 1156 2222 ea
1176 2196 1231 2222 Do-

164 2239 298 2265 minicum
332 2241 405 2266 Ram
432 2249 475 2274 ep.
506 2240 624 2266 Ilerden.
651 2249 683 2266 ac
709 2240 887 2266 Dominicum
914 2241 949 2266 de
969 2241 1125 2274 Capranica
1156 2241 1230 2274 (cler.

164 2291 235 2309 cam.
258 2286 361 2318 apost.)
385 2285 411 2311 S.
435 2286 469 2311 R.
491 2285 523 2311 Ε.
546 2285 700 2311 cardinales
728 2294 842 2316 creasse,
868 2294 964 2311 eorum
991 2292 1087 2311 autem
1108 2285 1231 2319 publica—

164 2328 270 2354 tionem
299 2338 387 2364 usque
415 2330 452 2356 ad
477 2331 673 2356 consistorium
702 2330 771 2356 1430
791 2330 863 2356 Nov.
886 2331 902 2356 8
930 2330 1060 2356 habitum
1081 2330 1230 2357 distulisse.

165 2372 222 2398 Sed
254 2376 370 2407 repertis
397 2378 495 2408 postea
524 2376 553 2401 in
573 2375 655 2401 Arch.
678 2374 743 2401 Vat.
766 2375 935 2408 quibusdam
956 2376 1065 2401 notitiis
1086 2376 1232 2402 contrariis

164 2417 242 2443 illam
274 2421 433 2452 opinionem
465 2428 521 2446 non
553 2420 673 2454 amplius
706 2420 857 2446 tenendam
888 2429 946 2446 esse
971 2420 1112 2451 duximus,
1144 2421 1232 2447 immo

164 2463 344 2495 censendum,
367 2465 524 2498 praedictos
545 2465 615 2490 duos
636 2464 776 2498 praelatos
799 2464 826 2490 S.
845 2465 879 2490 R.
894 2464 926 2490 E.
949 2465 1102 2490 cardinales
1123 2468 1231 2491 creatos

163 2514 223 2532 esse
264 2516 320 2534 non
357 2510 432 2542 prius
465 2517 551 2542 quam
582 2510 611 2535 in
643 2510 818 2543 promotione
851 2510 920 2535 1426
950 2509 1017 2535 Maii
1048 2510 1083 2535 24
1123 2509 1230 2536 habita.

163 2550 248 2577 Mart.
271 2553 295 2578 V
316 2555 345 2579 in
365 2554 477 2580 decreto
498 2554 691 2584 consistoriali,
713 2554 789 2587 quod
809 2555 1015 2588 promotionem
1029 2555 1098 2580 1426
1117 2554 1185 2580 Maii
1197 2555 1232 2580 24

166 2594 294 2622 habitam
315 2599 497 2624 subsecutum
518 2602 569 2629 est,
591 2599 660 2624 dicit
680 2599 730 2625 sic:
755 2599 806 2629 „A.
829 2599 863 2624 D.
888 2600 956 2625 1426
976 2599 1021 2624 die
1042 2599 1077 2624 24
1096 2599 1162 2625 Maii
1181 2619 1187 2625 .
1202 2618 1208 2625 .
1223 2619 1230 2625 .

165 2642 330 2673 creavimus,
352 2644 562 2677 assumpsimus,
594 2644 839 2677 pronuntiavimus
863 2644 938 2670 ultra
959 2644 1112 2670 cardinales
1132 2644 1231 2677 eodem

165 2684 210 2710 die
242 2691 401 2721 assumptos
433 2691 462 2713 et
494 2688 663 2721 publicatos:
697 2688 876 2714 Dominicum
908 2688 993 2721 (Ram
1013 2689 1070 2722 ep.)
1100 2688 1229 2720 Ilerden.,

164 2729 333 2763 Prosperum
355 2732 500 2763 Columna,
522 2733 701 2758 Dominicum
722 2732 887 2766 (Capranica
907 2733 953 2765 el.)
975 2733 1147 2764 Firmanum,
1179 2733 1229 2759 Ju-

164 2774 272 2801 lianum
304 2777 338 2803 de
370 2777 536 2808 Caesarinis;
571 2778 619 2811 qui
650 2777 797 2803 Ilerdensis
828 2780 858 2804 et
882 2778 1031 2804 Firmanus
1058 2778 1127 2804 alias
1148 2778 1231 2811 juxta

1342 1847 1446 1864 morem
1469 1840 1635 1865 consuetum
1657 1839 1743 1864 creati
1764 1838 1887 1868 fuerunt,
1908 1837 1957 1864 sed
1977 1846 2012 1863 ex
2032 1839 2121 1865 causis
2142 1841 2209 1865 tunc
2227 1842 2258 1865 et
2271 1847 2405 1869 nunneos

1339 1891 1460 1909 unacum
1481 1884 1541 1909 aliis
1562 1882 1671 1908 duobus
1692 1883 1832 1909 noluimus
1853 1882 2001 1916 publicare.
2023 1902 2030 1909 .
2053 1903 2060 1909 .
2081 1902 2088 1910 .
2114 1882 2197 1914 Quod
2216 1884 2239 1910 si
2259 1884 2405 1919 contingat

1341 1936 1391 1954 nos
1412 1928 1482 1954 mori
1503 1931 1568 1954 ante
1589 1927 1808 1961 publicationem
1829 1927 1968 1954 dictorum
1989 1931 2111 1962 quatuor
2130 1927 2214 1960 card„
2247 1927 2405 1955 habeantur

1341 1974 1439 1999 statim
1461 1981 1511 2007 pro
1532 1972 1682 2006 publicatis
1702 1972 1872 2004 solemniter,
1893 1973 1980 1998 etiam
2000 1972 2095 2006 quoad
2107 1973 2271 2000 electionem
2279 1973 2405 2010 *Romani

1340 2018 1512 2052 pontificis.“
1553 2017 1597 2043 Ad
1617 2018 1709 2051 ipsum
1729 2020 1825 2043 autem
1846 2017 2024 2043 Dominicum
2037 2017 2071 2043 de
2082 2017 2163 2052 Capr.
2175 2018 2364 2045 scribitMart.
2378 2018 2404 2045 V

1342 2062 1387 2088 die
1401 2064 1434 2088 19
1446 2062 1518 2089 Nov.
1539 2063 1617 2093 1430,
1638 2063 1712 2089 sicut
1731 2062 1847 2096 legimus
1868 2063 1897 2088 in
1917 2065 1938 2088 t.
1960 2062 2020 2088 XII
2040 2062 2140 2089 divers.
2162 2063 2300 2094 cameraL,
2321 2063 2402 2090 haten:

1343 2107 1521 2141 „Postquam
1542 2110 1570 2133 te
1592 2106 1798 2141 publicavimus
1818 2108 1847 2133 in
1870 2107 1896 2133 S.
1919 2107 1953 2133 R.
1976 2107 2008 2133 Ε.
2031 2107 2116 2138 eard„
2147 2107 2200 2134 tibi
2220 2116 2277 2134 non
2295 2109 2404 2143 scripsi-

1343 2161 1415 2183 mus,
1449 2153 1516 2186 quia
1548 2152 1664 2178 titulum
1696 2160 1751 2178 non
1783 2152 1962 2183 dederamus;
1993 2160 2068 2178 nunc
2095 2154 2190 2178 autem
2210 2153 2356 2180 scribimus
2374 2155 2407 2180 et

1339 2197 1490 2223 scribemus
1510 2205 1543 2223 eo
1563 2197 1660 2223 dato.“

1410 2242 1431 2274 ³)
1452 2242 1704 2267 Vicecancellarius.

1409 2287 1430 2318 ⁴)
1452 2286 1531 2312 Obiit
1551 2287 1579 2312 in
1606 2286 1746 2312 Sabaudia
1771 2286 1854 2320 paulo
1879 2290 1944 2312 ante
1970 2287 2003 2312 16
2028 2286 2088 2312 Oct.
2116 2287 2192 2313 1450.

1411 2331 1431 2363 ⁵)
1454 2331 1585 2365 Sepultus
1609 2331 1715 2356 Romae
1738 2331 1767 2356 in
1790 2331 1853 2356 eccl.
1879 2339 1899 2356 s.
1924 2331 2028 2356 Mariae
2052 2331 2116 2364 maj.

1410 2376 1431 2407 ⁶)
1452 2376 1505 2401 Die
1517 2376 1551 2401 25
1564 2376 1630 2401 Maii
1645 2376 1714 2401 1426
1726 2375 1780 2401 fuit
1793 2376 1903 2401 consist.
1918 2384 2018 2409 gener„
2032 2376 2062 2401 in
2074 2384 2130 2409 quo
2145 2376 2170 2402 S.
2186 2375 2216 2402 P.
2230 2384 2287 2402 non
2298 2376 2403 2410 moepit

1338 2429 1426 2446 novos
1451 2420 1603 2446 cardinales
1628 2422 1786 2454 praesentes
1811 2420 1897 2452 (Arm.
1924 2421 1958 2446 29
1983 2423 2003 2446 t.
2029 2421 2045 2446 3
2070 2420 2089 2446 f.
2117 2421 2187 2453 185).

1411 2465 1432 2497 ⁷)
1452 2465 1506 2490 Hic
1522 2465 1588 2490 1423
1602 2464 1680 2490 Febr.
1695 2465 1720 2495 3,
1733 2473 1797 2490 cum
1809 2467 1881 2490 esset
1893 2464 1964 2490 decr.
1978 2465 2084 2496 doctor,
2097 2465 2126 2490 in
2137 2465 2266 2491 clericum
2277 2473 2402 2491 camerae

1339 2512 1427 2542 apost.
1443 2512 1570 2543 receptus
1587 2512 1616 2535 et
1631 2509 1704 2534 circa
1715 2517 1739 2534 a.
1755 2509 1823 2534 1425
1835 2509 1898 2535 eccl.
1913 2509 2033 2535 Firman.
2048 2509 2203 2543 praefectus
2214 2512 2257 2536 est
2268 2509 2297 2535 in
2307 2517 2399 2544 epum.

1339 2553 1393 2580 Cfr.
1416 2562 1501 2588 supra
1521 2556 1580 2580 not.
1602 2554 1627 2579 2.
1674 2553 1853 2587 Quamquam
1885 2557 1981 2580 autem
2010 2553 2103 2580 adhuc
2127 2563 2144 2580 a
2162 2555 2245 2580 Mart.
2267 2553 2293 2581 V
2312 2553 2401 2588 publi-

1338 2601 1419 2625 catus
1439 2602 1490 2629 est,
1512 2598 1550 2625 ad
1569 2598 1734 2624 electionem
1754 2599 1918 2624 successoris
1938 2598 2020 2632 (Eug.
2042 2598 2094 2631 IV)
2122 2599 2235 2625 minime
2254 2598 2401 2630 admissus,

1338 2646 1437 2677 postea
1462 2646 1559 2670 autem
1585 2643 1621 2669 ab
1646 2643 1708 2669 eod.
1731 2643 1801 2677 Eug.
1824 2643 1864 2669 IV
1884 2646 2012 2677 receptus
2033 2646 2083 2670 est.
2123 2643 2178 2670 Gir.
2210 2643 2315 2678 period.
2348 2643 2401 2670 Ro·-

1337 2688 1436 2714 mische
1455 2688 1662 2720 Quartalschritt
1683 2688 1751 2714 1903
1772 2696 1834 2722 pag.
1857 2688 2005 2715 273—292.

1408 2733 1429 2765 ⁸)
1451 2733 1517 2759 Jam
1537 2733 1605 2758 1430
1623 2732 1683 2758 Oct.
1703 2733 1738 2758 24
1755 2733 1916 2758 nominatur
1935 2733 1961 2759 S.
1982 2733 2015 2758 R.
2035 2733 2066 2759 Ε.
2086 2732 2245 2764 cardinalis;
2263 2733 2311 2759 cfr.
2331 2732 2399 2767 Reg⁴

1336 2777 1418 2803 Mart.
1439 2777 1463 2803 V
1483 2786 1507 2803 a.
1530 2778 1561 2803 13
1581 2777 1642 2802 Lat.
1664 2777 1710 2803 lib.
1732 2786 1808 2810 prov.
1830 2777 1847 2803 f.
1871 2778 1928 2803 151.
2292 2775 2295 2778 ⁴
