2482 3178
148 152 190 183 44
412 148 645 183 Cardinales
669 147 894 191 presbyteri
917 147 975 180 tit.
1001 155 1051 180 ss.
1076 144 1298 179 Marcellini
1322 147 1362 178 et
1385 144 1501 183 Petri,
1526 154 1556 179 s.
1583 144 1720 185 Marci,
1744 154 1774 179 s.
1798 145 1950 180 Mariae
1975 149 2022 181 tr.
2047 147 2131 182 Tib.

150 253 418 284 Bartholomaeus
436 252 654 287 Mezzavacca,
675 261 724 291 ep.
746 250 874 281 Reatin.
896 249 1051 290 (XXVII,
1075 250 1136 287 13),
1157 259 1258 289 prom.
1282 248 1360 279 1378
1382 248 1470 289 Sept.
1494 249 1541 285 18,
1561 248 1669 289 depos.
1694 249 1782 286 1385,
1803 248 1856 280 trs.
1878 249 1919 280 ad
1939 260 1963 280 s.
1984 250 2079 281 Mart.
2102 252 2191 283 1389.

151 306 336 347 Stephanus
356 306 510 342 Palosius,
532 316 581 345 ep.
604 303 768 335 Tudertin.
792 304 947 343 (XXVII,
969 305 1032 341 41),
1054 313 1155 343 prom.
1178 306 1254 333 ante
1274 303 1313 332 22
1336 301 1401 333 Jul.
1426 302 1515 338 1384,
1536 301 1617 333 obiit
1640 303 1717 332 1396
1738 302 1814 343 Apr.
1837 303 1886 334 24.

151 360 311 391 Antonius
332 360 474 395 Casinus,
496 369 544 399 ep.
569 358 682 389 Senen.
705 357 857 397 (XXXV,
879 359 922 397 5),
944 368 1045 398 prom.
1070 357 1147 386 1426
1169 356 1244 386 Maii
1265 356 1314 392 24,
1337 355 1418 386 obiit
1440 356 1517 385 1439
1540 355 1631 386 Febr.
1653 357 1682 386 4.

895 422 910 463 '1
970 438 1027 468 ss.
1060 436 1337 468 Marcellini
1369 437 1412 467 et
1444 436 1583 467 Petri.

152 510 327 542 Goffredus
344 510 384 541 de
403 510 521 546 Insula,
541 509 641 539 abbas
659 509 819 539 Cassinen.
840 508 876 539 O.
899 508 928 539 S.
950 508 986 538 B.
1007 509 1091 548 (pag.
1111 509 1129 537 3
1149 511 1215 538 not.
1238 508 1250 537 1
1273 517 1318 537 nr.
1341 506 1401 545 17),
1422 517 1522 547 prom.
1544 508 1632 543 1191,
1652 507 1732 538 obiit
1750 518 1777 538 c.
1799 508 1886 539 1200.

152 564 265 595 Comes
288 564 460 595 Glusianus
480 563 520 594 de
541 563 655 593 Casate
677 562 780 601 (XIV,
802 564 844 600 5),
868 573 968 602 prom.
995 562 1068 591 1281
1095 561 1169 601 Apr.
1198 562 1244 597 12,
1267 559 1348 591 obiit
1371 560 1459 591 1287.

153 617 296 649 Joannes
317 617 502 653 Monachus,
524 627 572 657 ep.
596 615 783 646 Atrebatem.
806 615 927 655 (XVII,
949 616 992 654 4),
1015 625 1115 655 prom.
1141 615 1218 644 1294
1242 614 1328 654 Sept.
1354 615 1400 650 18,
1423 613 1504 644 obiit
1527 615 1603 644 1313
1626 614 1705 655 Aug.
1728 614 1805 654 22.¹)

154 670 347 702 Gaucelmus
369 671 503 701 Joannis
522 670 631 700 Deuza
652 669 759 708 (XXI,
780 671 822 707 3),
844 680 944 709 prom.
968 669 1044 698 1316
1065 668 1141 699 Dee.
1166 669 1212 704 18,
1234 667 1286 698 trf.
1308 667 1349 698 ad
1369 667 1484 698 Alban.
1507 667 1584 698 1327
1604 678 1646 698 m.
1667 668 1743 699 Dec.

151 724 267 755 Pastor
286 724 325 755 de
347 723 602 755 Serraescuderio
623 723 659 754 O.
681 723 768 759 Min.‚
790 733 859 763 aep.
881 722 1043 753 Ebredun.
1066 721 1210 761 (XXIII,
1234 722 1294 760 15),
1316 731 1416 761 prom.
1441 721 1519 751 1350
1539 721 1614 752 Ι)00.
1639 721 1685 759 17,
1707 721 1787 753 obiit
1809 723 1886 753 1356
1907 722 1978 753 Oct.
2002 724 2048 754 11.

154 777 331 809 Guilelmus
351 778 503 808 Farinerii
525 777 560 808 O.
582 777 658 807 Min.
680 777 756 807 min.
778 787 846 817 gen.
870 776 1006 815 (XXIV,
1028 777 1070 814 5),
1092 786 1193 816 prom.
1218 776 1295 805 1356
1316 775 1391 805 Dec.
1414 776 1463 811 23,
1484 774 1565 805 obiit
1587 776 1661 805 1361
1687 775 1776 806 Junii
1799 775 1845 806 17.

152 831 319 872 Philippus
341 831 519 867 Cabassole,
542 834 624 871 patr.
648 829 802 860 Hierosol.
827 830 945 869 (XXV,
967 830 1010 868 6),
1033 840 1134 869 prom.
1159 829 1237 859 1368
1261 828 1348 869 Sept.
1371 829 1420 865 22,
1443 828 1496 859 trf.
1519 827 1560 858 ad
1584 828 1692 859 Sabin.
1717 828 1804 860 1370.

151 884 296 916 Andreas
316 885 446 916 Martini
467 884 649 924 Bontempi,
671 894 719 924 ep.
742 883 883 914 Perusin.
906 882 1061 922 (XXVII,
1083 884 1126 921 5),
1148 893 1248 923 prom.
1274 881 1351 912 1378
1374 881 1461 922 Sept.
1486 883 1533 918 18,
1555 881 1636 912 obiit
1658 883 1737 913 1390
1758 882 1837 914 Julii
1859 884 1906 914 16.

151 937 266 969 Petrus
287 939 325 969 de
347 939 502 975 Barreria,
523 948 571 978 ep.
594 937 735 968 Aeduen.
759 937 881 976 (XXX,
903 938 945 976 4),
968 947 1068 977 prom.
1094 935 1171 966 1378
1192 936 1267 966 Dec.
1292 937 1338 972 16,
1360 935 1441 966 obiit
1463 936 1542 966 1383
1564 936 1654 966 Junii
1676 937 1723 967 13.

154 989 297 1023 Jacobus
316 992 355 1023 de
376 992 581 1031 Montenayo,
602 991 703 1021 adiac.
725 991 857 1021 Remen.
880 990 1003 1029 (XXX,
1028 991 1087 1028 12),
1110 1000 1210 1030 prom.
1235 990 1312 1019 1383
1332 989 1408 1020 Dee.
1430 990 1479 1026 23,
1501 989 1582 1020 obiit
1603 990 1678 1020 1391
1700 990 1776 1021 Maii
1799 991 1845 1021 16.

151 1045 291 1086 Angelus
312 1045 520 1082 Barbadicus,
542 1056 590 1085 ep.
613 1045 768 1075 Veronen.
791 1044 951 1083 (XXXII,
973 1044 1015 1083 7),
1038 1054 1138 1084 prom.
1163 1044 1241 1073 1408
1264 1042 1351 1083 Sept.
1377 1044 1423 1079 19,
1445 1042 1525 1073 obiit
1548 1044 1625 1073 1418
1646 1043 1727 1084 Aug.
1751 1044 1825 1083 16.2)

1122 1117 1197 1154 ³28,
1231 1123 1385 1154 Marci.

153 1197 329 1228 Gaufridus
351 1197 592 1228 Castillionaeus
615 1196 691 1235 (III,
714 1198 756 1235 2),
780 1207 880 1237 prom.
906 1195 982 1226 1227
1006 1206 1047 1226 m.
1074 1195 1173 1236 Sept.,
1198 1194 1250 1225 trs.
1273 1194 1315 1225 ad
1339 1194 1447 1226 Sabin.
1473 1196 1560 1225 1239.

155 1250 332 1282 Guilelmus
350 1251 390 1282 de
410 1251 504 1282 Braio
523 1250 609 1289 (VH,
632 1251 692 1289 10),
712 1260 812 1290 prom.
835 1250 911 1280 1262
931 1260 972 1280 111.
991 1249 1088 1285 Maio,
1108 1248 1189 1279 obiit
1210 1250 1286 1278 1282
1308 1248 1382 1289 Apr.
1406 1248 1484 1287 29.1)

151 1304 267 1335 Petrus
287 1305 501 1346 Peregrossus,
521 1304 602 1335 diac.
623 1315 646 1334 s.
670 1304 806 1344 Georgii,
826 1303 936 1333 transl.
960 1304 1047 1340 1289,
1068 1302 1149 1333 obiit
1170 1303 1248 1332 1295
1268 1302 1347 1343 Aug.
1371 1303 1397 1332 1.

153 1357 352 1389 Bertrandus
372 1358 411 1389 de
432 1359 562 1395 Deucio,
584 1368 653 1398 aep.
676 1357 879 1388 Ebredunen.
902 1356 1027 1396 (XXII,
1049 1357 1091 1395 2),
1114 1367 1214 1396 prom.
1239 1357 1317 1386 1338
1336 1356 1412 1386 Dec.
1438 1357 1484 1392 18,
1506 1355 1558 1386 trf.
1581 1355 1622 1386 ad
1645 1355 1752 1387 Sabin.
1777 1357 1855 1386 1348
1875 1356 1958 1387 Nov.
1979 1358 2008 1387 4.

153 1411 178 1441 F
181 1412 341 1443 ranciscus
362 1412 401 1443 de
422 1412 525 1452 Aptis,
547 1422 595 1452 ep.
618 1411 642 1441 F
645 1411 792 1442 lorentin.
815 1410 952 1450 (XXIV,
974 1411 1016 1449 3),
1038 1420 1139 1450 prom.
1164 1410 1241 1439 1356
1262 1409 1338 1440 Dec.
1360 1410 1410 1446 23,
1432 1409 1513 1440 obiit
1535 1410 1609 1439 1361
1633 1410 1713 1450 Aug.
1735 1411 1784 1440 25.

155 1464 297 1496 Joannes
318 1466 357 1496 de
379 1465 564 1502 Blandiaeo,
586 1475 634 1505 ep.
658 1464 849 1495 Nemausen.
873 1464 1009 1503 (XXIV,
1034 1464 1095 1502 10),
1118 1474 1218 1504 prom.
1243 1464 1317 1493 1361
1344 1463 1431 1504 Sept.
1457 1462 1504 1500 17,
1526 1462 1579 1493 trf.
1601 1462 1642 1493 ad
1666 1463 1773 1494 Sabin.
1798 1463 1886 1494 1372.

153 1518 268 1549 Petrus
289 1519 412 1556 Amehi,
434 1530 503 1560 aep.
526 1518 728 1549 Ebredunen.
751 1518 874 1557 (XXX,
895 1519 938 1556 3),
960 1528 1060 1558 prom.
1085 1516 1162 1547 1379
1183 1517 1258 1547 Dec.
1283 1518 1330 1553 18,
1351 1516 1432 1547 obiit
1454 1517 1532 1547 1389
1552 1516 1632 1557 Aug.
1656 1517 1703 1547 10.

155 1572 298 1604 Joannes
317 1573 356 1604 de
375 1573 488 1610 Flisco,
508 1584 556 1613 ep.
578 1572 748 1603 Vercellen.
770 1571 925 1611 (XXVII,
945 1572 1008 1610 25),
1028 1581 1129 1611 prom.
1150 1581 1175 1601 0.
1199 1571 1286 1607 1380,
1307 1570 1387 1601 obiit
1406 1574 1481 1602 ante
1502 1571 1580 1600 1384
1602 1581 1643 1601 m.
1667 1570 1744 1602 Dec.

156 1625 340 1657 Ludovicus
361 1627 481 1657 Donati
503 1626 539 1657 Ο.
561 1626 636 1656 Μ111.
659 1627 734 1657 111111.
756 1637 825 1666 gen.
849 1625 1004 1664 (XXVII,
1026 1624 1088 1663 27),
1111 1635 1211 1665 prom.
1236 1625 1311 1654 1381
1335 1624 1411 1655 Dec.
1434 1625 1483 1661 21,
1505 1623 1585 1654 obiit
1607 1625 1685 1654 1386
1705 1635 1747 1655 m.
1769 1624 1845 1655 Dec.

153 1679 293 1721 Angelus
311 1680 467 1717 Corarius,
487 1683 568 1720 patr.
588 1680 832 1720 Constantinop.
853 1678 994 1718 (XXIX,
1013 1680 1056 1717 2),
1075 1689 1176 1719 prom.
1198 1678 1275 1708 1405
1295 1678 1384 1708 Junii
1405 1679 1452 1715 12,
1470 1677 1567 1708 exalt.
1587 1677 1618 1708 in
1639 1677 1669 1708 S.
1689 1678 1723 1709 P.
1744 1678 1830 1717 (Gre.
1849 1677 1941 1717 XII).

153 1733 314 1764 Antonius
334 1734 373 1764 de
393 1734 508 1771 Calvis,
529 1734 579 1764 tit.
601 1744 624 1763 S.
646 1733 809 1770 Praxedis,
830 1732 940 1763 transl.
964 1733 1041 1762 1409
1063 1731 1141 1763 Julii
1162 1733 1190 1768 2,
1211 1731 1292 1762 obiit
1313 1733 1387 1761 1411
1412 1731 1473 1762 Oet
1492 1732 1520 1762 2.

156 1786 334 1818 Guilelmus
355 1787 511 1824 Fillastre,
533 1787 673 1818 decanus
694 1787 826 1818 Remen.
850 1786 1020 1825 (XXXIV,
1046 1787 1106 1824 13),
1129 1796 1230 1826 prom.
1254 1786 1329 1815 1411
1356 1785 1445 1816 Junii
1465 1787 1495 1822 6,
1517 1784 1598 1815 obiit
1621 1785 1698 1815 1428
1720 1785 1802 1816 Nov.
1825 1786 1853 1816 6.

871 1865 896 1892 ’ἶ
930 1863 959 1898 S.
993 1866 1170 1897 Mariae
1203 1867 1335 1896 trans
1367 1865 1580 1897 Tiberim.

155 1938 262 1970 Guido
281 1938 498 1979 Papareschil)
518 1939 602 1979 (pag.
623 1940 640 1968 3
660 1942 726 1969 not.
748 1939 761 1968 1
783 1949 828 1968 nr.
849 1939 891 1977 9),
911 1948 1012 1978 prom.
1034 1938 1122 1973 1190,
1143 1937 1223 1968 obiit
1241 1947 1267 1968 0.
1289 1937 1377 1967 1208.

156 1992 340 2033 Stephanus
361 1992 401 2023 de
422 1991 625 2028 Normandis,
648 1991 728 2022 diac.
751 2003 774 2022 s.
798 1991 941 2028 Adriani,
963 1990 1073 2022 transl.
1099 1992 1187 2028 1228,
1210 1990 1291 2021 obiit
1313 1991 1391 2021 1254
1412 1990 1489 2021 Dec.
1513 1992 1541 2021 8.

156 2045 333 2077 Guilelmus
350 2046 389 2077 de
408 2045 560 2086 Agrifolio
578 2045 614 2076 O.
636 2045 666 2076 S.
688 2045 735 2082 Β.,
754 2056 822 2085 aep.
842 2045 1030 2085 Caesaraug.
1050 2044 1194 2083 (XXIII,
1217 2044 1277 2083 17),
1296 2055 1396 2085 prom.
1418 2044 1497 2074 1350
1513 2044 1589 2075 Dee.
1611 2044 1658 2081 17,
1677 2044 1730 2075 trf.
1749 2044 1791 2075 ad
1811 2044 1918 2075 Sabin.
1940 2045 2028 2075 1368.

154 2098 269 2130 Petrus
288 2099 326 2130 de
348 2099 478 2140 Stagno,
498 2110 566 2139 aep.
587 2099 760 2129 Bituricen.
781 2099 899 2138 (XXV,
921 2100 982 2137 13),
1002 2109 1102 2139 prom.
1126 2098 1204 2128 1370
1223 2098 1313 2129 Junii
1331 2097 1360 2135 7,
1380 2097 1432 2128 trf.
1453 2097 1494 2128 ad
1513 2097 1634 2129 Ostien.
1656 2098 1743 2129 1373.

153 2151 321 2193 Philippus
342 2153 381 2183 de
402 2152 584 2189 Α1011001110,
607 2156 689 2193 patr.
711 2152 866 2183 Hierosol.
890 2152 1045 2191 (XXVII,
1069 2153 1130 2191 16),
1153 2162 1253 2192 prom.
1278 2151 1356 2182 1378
1379 2151 1466 2192 Sept.
1491 2152 1538 2188 18,
1560 2151 1613 2182 trs.
1635 2151 1677 2182 ad
1699 2151 1807 2182 Sabin.
1829 2162 1855 2182 0.
1880 2152 1967 2182 1380.

154 2205 306 2237 Nicolaus
324 2206 363 2237 de
383 2206 571 2243 Brancatiis,
591 2217 660 2246 aep.
681 2206 843 2237 Cusentin.
865 2206 987 2245 (XXX,
1007 2207 1050 2244 2),
1070 2216 1171 2246 prom.
1195 2205 1273 2236 1378
1291 2205 1367 2236 Dec.
1390 2206 1436 2242 16,
1457 2204 1510 2235 trf.
1530 2204 1572 2235 ad
1590 2204 1746 2236 Albanen.
1769 2205 1856 2236 1390.

157 2258 342 2290 Ludovicus
366 2260 502 2290 Bonitus
525 2260 725 2296 BrancatiuS,
749 2270 818 2300 aep.
843 2259 1005 2290 Tarentin.
1030 2258 1190 2298 (XXXII,
1214 2260 1257 2298 5),
1281 2269 1381 2299 prom.
1408 2258 1486 2289 1408
1511 2258 1598 2299 Sept.
1624 2259 1671 2295 19,
1695 2258 1775 2289 obiit
1800 2260 1877 2289 1413
1902 2258 1989 2300 Sept.
2014 2259 2089 2298 18.2)

157 2312 286 2344 Gabriel
304 2313 555 2350 Condulmerius,
575 2314 626 2343 tit.
646 2324 670 2343 s.
690 2313 861 2344 Clementis
880 2313 1039 2352 (XXXII,
1059 2314 1102 2351 2),
1123 2312 1232 2343 transl.
1253 2323 1279 2343 0,
1302 2313 1378 2342 1426
1399 2313 1459 2351 (2),
1478 2311 1575 2343 exalt.
1595 2312 1627 2343 in
1648 2311 1678 2343 S.
1699 2312 1733 2343 P.
1754 2312 1848 2353 (Eug.
1868 2312 1937 2351 IV).

512 2412 551 2437 Ss.
571 2411 721 2437 Marcellini
741 2411 766 2437 et
786 2411 865 2437 Petri.

229 2454 249 2485 l)
274 2455 431 2480 Secundum
452 2455 591 2487 Cristojori
612 2455 701 2479 Lucas
721 2455 754 2480 de
775 2455 863 2480 Flisco
883 2463 903 2480 s.
925 2455 1028 2480 Mariae
1048 2455 1077 2479 in
1097 2455 1143 2479 via
1162 2455 1221 2480 lata

156 2497 226 2523 diac.
250 2499 323 2525 card.
349 2500 521 2525 131341328
543 2501 576 2530 (!)
599 2502 627 2524 et
649 2500 746 2524 Petrus
767 2499 801 2525 de
821 2500 1003 2524 Mortuomari
1025 2501 1092 2530 (non
1113 2499 1219 2524 Monte-

157 2544 241 2574 mart)
262 2544 306 2568 tit.
326 2553 345 2569 s.
368 2544 462 2577 Steph.
482 2545 510 2569 in
528 2544 554 2569 C.
575 2544 610 2569 M.
630 2544 718 2577 presb.
738 2544 816 2569 card.v
833 2544 1006 2569 1328—1345
1024 2545 1058 2575 (!)
1078 2544 1221 2569 ecclesiam

154 2595 190 2612 ss.
212 2587 296 2612 Mare.
318 2591 345 2613 et
367 2589 440 2613 Petri
460 2588 625 2613 obtinebant
644 2588 695 2613 sibi
715 2588 947 2613 commendatam.

228 2632 249 2663 2)
273 2633 430 2657 Secundum
452 2633 591 2664 Cristosori
613 2641 636 2657 11.
662 2634 728 2657 1415
750 2633 785 2658 11(1
806 2633 849 2658 tit.
872 2641 892 2658 s.
915 2633 1047 2657 Praxedis
1069 2633 1221 2657 translatus

157 2678 209 2706 est,
223 2676 281 2707 sed,
295 2686 358 2702 011111
375 2678 440 2703 1417
455 2677 581 2702 electioni
595 2677 707 2702 Martini
720 2677 744 2702 V
758 2678 874 2707 intersit,
889 2677 979 2702 adhuc
992 2678 1035 2702 tit.
1051 2685 1084 2702 sS.
1100 2677 1218 2702 Marcell.

153 2722 186 2746 >et
205 2720 282 2746 Petri
303 2721 390 2754 presb.
412 2722 484 2747 card.
506 2724 629 2746 vocatur.

621 2776 645 2802 S.
666 2776 759 2802 Marci.

230 2819 250 2850 ¹)
272 2820 323 2845 Die
342 2821 366 2845 8.
386 2819 452 2845 Maii
472 2820 539 2845 1288
558 2820 616 2845 Nic.
637 2819 676 2844 IV
695 2819 869 2844 ecclesiarum
888 2828 908 2844 s.
928 2819 1013 2844 Marci
1032 2822 1060 2844 et
1078 2828 1097 2844 s.
1118 2819 1222 2845 Mariae

157 2863 296 2889 rotundae
317 2872 348 2889 ae
368 2872 388 2889 s.
410 2864 488 2894 Celsi,
509 2872 579 2896 quae
599 2864 673 2888 tituli
692 2864 795 2889 cardin.
816 2864 966 2889 existentes
993 2866 1097 2889 rectore
1116 2866 1221 2893 carent,

154 2914 253 2933 curam
268 2911 296 2934 et
310 2909 431 2941 reginem
445 2908 477 2933 fr.
494 2908 708 2933 Bartholomaeo
722 2908 755 2933 de
769 2917 789 2933 s.
808 2908 924 2933 Gemino
939 2908 970 2933 O.
986 2908 1052 2933 Min.
1069 2908 1221 2933 committit

153 2951 238 2986 (Reg.
259 2953 363 2978 Camer.
384 2953 443 2978 Nic.
463 2952 501 2978 IV
520 2953 561 2977 ed.
580 2953 707 2984 Lanqlois
725 2961 763 2977 nr.
783 2953 923 2984 7033s34);
942 2952 986 2977 die
1006 2953 1038 2978 16
1058 2954 1132 2986 Sept.
1155 2953 1220 2979 1317

1330 2410 1454 2436 Joannes
1471 2418 1491 2435 s.
1510 2409 1647 2435 Theodori
1664 2409 1734 2435 diac.
1753 2409 1826 2435 card.
1846 2409 1961 2435 titulum
1978 2418 1998 2435 s.
2018 2410 2103 2435 Marci
2120 2410 2149 2435 in
2165 2418 2265 2436 comm.
2284 2409 2395 2436 obtinet

1331 2455 1439 2487 (Mollat
1465 2455 1553 2486 5539).

1650 2500 1675 2526 S.
1695 2499 1799 2526 Mariae
1817 2499 1893 2525 trans
1912 2500 2037 2526 Tiberim.

1402 2553 1421 2584 ¹)
1442 2552 1525 2585 Apud
1550 2552 1690 2584 Cristosori
1715 2551 1751 2577 ad
1776 2561 1799 2577 a.
1828 2552 2003 2578 1190—1200
2027 2555 2183 2578 recensetur
2209 2551 2300 2578 Guido
2323 2552 2395 2578 Pore

1330 2600 1358 2622 et
1372 2597 1408 2622 ad
1423 2606 1446 2622 a.
1465 2597 1637 2623 12w1207
1655 2596 1746 2621 Guido
1762 2596 1939 2629 Papareschi;
1954 2597 2002 2622 sed
2016 2597 2050 2622 de
2065 2597 2115 2622 hoc
2129 2597 2211 2622 unico
2225 2597 2269 2631 agi
2282 2597 2394 2623 videtur

1330 2641 1389 2672 (cfr.
1406 2649 1466 2674 pag.
1481 2642 1497 2666 3
1512 2644 1568 2666 not.
1584 2642 1620 2672 4).
1649 2641 1807 2666 Secundum
1820 2641 1939 2666 eundem
1953 2641 2092 2674 Cristosori
2105 2641 2266 2667 Matthaeus
2278 2641 2393 2667 Rubeus

1331 2686 1447 2711 Ursinus
1470 2685 1539 2711 diae.
1563 2694 1583 2710 s.
1607 2685 1711 2710 Mariae
1734 2686 1762 2710 in
1785 2689 1855 2718 port.
1881 2694 1904 2711 a.
1930 2686 2113 2716 1286—1305‚
2136 2685 2226 2711 Lucas
2247 2685 2282 2722 de
2303 2685 2394 2711 Fh'sco

1330 2730 1399 2755 diac.
1421 2738 1441 2755 s.
1465 2729 1574 2763 Georgii
1594 2738 1617 2755 a.
1641 2730 1823 2760 1305—1343,
1844 2730 1998 2755 Rainaldus
2018 2730 2183 2755 Brancatius
2202 2730 2272 2756 diac.
2293 2738 2313 2756 s·
2335 2730 2393 2756 Viti

1332 2775 1505 2801 1408—1427
1528 2774 1597 2799 hanc
1618 2774 1681 2799 eccl.
1704 2774 1755 2799 sibi
1776 2774 2001 2800 commendatam
2021 2774 2199 2805 obtinebant3
2221 2774 2257 2800 ad
2276 2783 2301 2800 a.
2324 2775 2393 2800 1348

1332 2827 1420 2852 usque
1439 2818 1476 2844 ad
1497 2819 1564 2844 1356
1585 2818 1747 2844 Dominicus
1769 2818 1886 2844 Serrano
1906 2818 1938 2844 O.
1960 2819 2042 2844 Merc.
2066 2821 2094 2844 et
2115 2818 2151 2844 ad
2170 2827 2193 2844 a.
2218 2819 2393 2845 1361-1366

1332 2864 1455 2889 Joannes
1473 2863 1581 2893 Lassus,
1602 2863 1687 2888 dubio
1704 2866 1799 2888 tamen
1815 2863 1906 2892 modo,
1922 2863 1994 2889 inter
2008 2863 2096 2896 presb.
2112 2863 2185 2888 card.
2202 2863 2283 2889 huius
2296 2863 2340 2889 tit.
2356 2862 2393 2889 ab

1329 2916 1361 2933 οο
1375 2910 1551 2933 recensentur
1570 2907 1629 2939 (cfr.
1651 2916 1712 2941 pag.
1735 2908 1768 2933 19
1786 2910 1843 2933 not.
1865 2908 1881 2933 2
1900 2910 1929 2933 et
1948 2916 2009 2941 pag.
2030 2908 2064 2933 20
2083 2910 2140 2933 not.
2162 2908 2197 2939 3).

1401 2953 1422 2984 2)
1442 2952 1495 2978 Cfr.
1516 2960 1600 2985 supra
1620 2960 1680 2985 pag.
1702 2952 1736 2978 25
1755 2955 1812 2977 not.
1833 2952 1857 2977 2.
