2482 3178
148 123 212 156 216

149 226 200 258 ob.
222 226 321 259 Marci
344 227 450 267 (1405)

148 280 200 312 ob.
223 280 382 312 Francisci
603 280 728 310 Marcus
750 278 942 317 Marinus¹⁴),
965 281 1038 318 post

154 358 567 366 ..........

149 387 201 419 ob.
223 387 382 419 Leonardi
405 387 510 426 (1415)

150 444 189 472 tr.
212 441 299 473 Petri
320 441 361 472 ad
382 440 551 472 Castellan.

604 387 714 417 Petrus
736 385 919 425 (Donatus),
943 384 1086 415 notarius
1107 382 1251 424 apost.¹⁵)

602 225 786 257 Franciscus
808 224 966 264 (Pavoni),
989 234 1038 264 ep.
1062 221 1280 262 Chironen.1³)‚
1303 222 1365 254 obl.
1388 233 1420 253 se

603 332 783 364 Leonardus
805 331 918 372 Delph.
943 330 1108 371 (suprad),
1132 333 1214 370 patr.
1237 329 1442 360 Alexandrin.

605 440 757 472 Fantinus
780 438 1021 477 (Vallaressius),
1044 448 1093 478 ep.
1117 436 1278 467 Parentin.
1300 468 1302 470 ,

876 120 1041 161 Creten„
1066 118 1265 159 Groacen„
1289 118 1455 163 Grojen„
1479 118 1657 154 Culmen.

1558 223 1635 254 1406
1661 223 1755 256 Febr.
1784 226 1821 255 13
1852 224 1923 256 Inn.
1947 225 2011 256 VII
2034 225 2106 258 Obl.
2130 226 2168 258 57
2191 226 2213 258 f.
2236 228 2276 258 95

1558 276 1635 307 1407
1662 277 1733 308 Oct.
1761 278 1799 308 18

1558 330 1636 360 1408
1657 329 1746 371 Sept.
1768 332 1806 362 14
1851 271 1867 378 1
1913 304 2012 336 Gams
2034 306 2091 336 4⁰¹

1558 384 1637 414 1415
1660 384 1737 425 Apr.
1764 385 1801 415 18
1853 384 1905 416 Jo.
1917 385 2039 416 XXIII
2050 397 2078 417 a.
2091 387 2110 417 5
2121 386 2193 418 Lat.
2205 386 2225 418 l.
2238 388 2277 418 56
2290 387 2312 419 f.
2326 388 2388 419 226

1559 438 1637 467 1425
1659 437 1737 468 Dec.
1762 439 1780 469 5
1852 438 1947 470 Mart.
1964 438 1993 470 V
2007 450 2035 470 a..
2052 440 2070 470 9
2085 439 2158 471 Lat.
2174 439 2194 471 l.
2213 441 2270 471 122
2286 440 2308 472 f.
2326 441 2388 472 259

1559 491 1636 521 1416
1662 490 1737 522 Jan.
1762 492 1802 522 24
1853 491 1931 523 Ben.
1950 491 2037 523 XIII
2054 503 2083 524 a.
2101 494 2140 524 22
2159 494 2195 533 (t.
2214 494 2287 533 328)
2306 493 2327 525 f.
2346 495 2388 525 48

1562 813 1640 842 1352
1661 812 1751 843 Junii
1770 813 1810 843 25

1563 865 1640 896 1372
1665 865 1744 897 Julii
1767 867 1785 896 5

1563 920 1638 949 1391
1666 919 1741 951 Jan.
1769 920 1805 950 19

1855 812 1918 844 Cle.
1942 813 1987 844 VI
2011 813 2082 845 Obl.
2106 815 2145 845 22
2167 814 2189 846 f.
2215 816 2272 846 166

1857 866 1929 898 Gre.
1953 866 2003 898 XI
2026 867 2086 899 Av.
2111 871 2134 899 t.
2161 869 2198 899 14
2219 867 2241 899 f.
2267 869 2326 900 198

1856 920 1936 951 Bon.
1959 920 2008 952 IX
2028 920 2099 952 Lat.
2122 925 2144 952 t.
2168 923 2205 952 12
2225 921 2247 953 f.
2268 923 2308 953 68

149 498 236 526 certo
258 495 354 526 modo
605 481 772 528 Antonius,
795 503 843 533 ep.
867 490 1112 529 Calamonen.¹⁶)

710 610 995 654 erisopolitan.
1022 609 1370 653 (Chrysopolitan.)
1394 621 1420 641 v.
1446 607 1712 653 cinopolitan.
1737 621 1768 643 n.
1799 612 1825 644 1.

984 725 1188 767 01080611,
1213 726 1304 758 suffr.
1330 726 1533 767 Spalaten.¹)

157 838 568 845 ..........
607 812 781 852 Jaeobus²)‚
803 812 956 844 liberatur
977 823 996 843 a
1018 812 1095 843 solv.
1120 822 1233 842 comm.
1257 822 1338 842 serv.

151 867 202 898 ob.
228 867 341 898 Jacobi
605 867 760 898 Hem-icus
781 866 820 897 de
842 866 997 906 Wylstein
1021 865 1254 905 (Wildenstein)
1278 865 1315 897 O.
1338 864 1441 904 Min.³)

156 945 569 952 ..........
605 921 793 956 Bermqus,
815 923 1031 951 commoratur
1053 919 1133 950 Pisis

157 999 568 1006 ..........
608 974 784 1005 Gualterius
808 975 869 1014 (ep.
894 973 1003 1004 Boven
1016 973 1069 1012 2)⁴)

605 1028 763 1059 Antonius
784 1027 945 1058 Venturae
967 1026 1006 1057 de
1029 1026 1115 1057 Urbe
1138 1026 1174 1057 O.
1198 1025 1301 1065 Min.⁵)

1564 997 1642 1056 i42'5
1665 997 1740 1058 oct
1764 998 1820 1057 '10'
1861 973 1871 1064 '1
1916 1000 1995 1032 Mar.
2009 1001 2036 1032 V
2049 1012 2076 1032 a.
2090 1002 2109 1032 8
2121 1001 2193 1033 Lat.
2206 1002 2226 1033 l.
2241 1003 2300 1034 108
2312 1002 2334 1035 f.
2347 1003 2390 1035 94

839 1145 1031 1190 Groffikn.
1057 1144 1203 1190 (Croja)
1229 1146 1263 1177 in
1288 1145 1399 1187 Epiro,
1424 1145 1515 1177 suffr.
1542 1147 1704 1178 Duracen.

605 1233 779 1267 Romanus,
802 1231 891 1263 sedet

604 1286 746 1317 Andreas
769 1285 836 1325 (cfr.
861 1285 1035 1316 Cunavien.
1059 1285 1100 1317 ad
1121 1295 1150 1316 a.
1176 1285 1266 1324 1320)

608 1339 773 1375 Gregorius

603 1393 745 1424 Andreas
768 1392 804 1424 Ο.
828 1392 915 1430 Min„
939 1392 988 1430 el.,
1013 1402 1102 1432 prov.

157 1257 569 1264 ··········

155 1364 568 1371 ··········

148 1392 200 1425 ob.
225 1392 367 1435 Gregorii

148 1446 199 1478 ob.
225 1447 360 1478 Joannis
384 1446 424 1486 (1)

607 1446 822 1485 Gualteriusl),
845 1445 907 1477 obl.
931 1456 974 1484 se,
997 1446 1052 1477 sed
1075 1450 1205 1488 propter
1226 1456 1322 1487 paup.
1346 1445 1432 1476 liber.

1565 1232 1653 1268 1286,
1680 1232 1758 1262 1298

1565 1285 1653 1322 1318,
1679 1286 1759 1316 1320
1858 1233 1870 1330 1
1920 1259 2019 1291 Gamss
2041 1260 2101 1290 4⁰4

1563 1363 1642 1422 {36'5
1665 1363 1771 1423 ‘Ju'nfi‘
1785 1364 1820 1423 8·
1857 1339 1869 1436 )
1916 1366 1995 1398 Urb.
2018 1366 2047 1398 v
2067 1367 2128 1399 Av.
2151 1370 2176 1400 t.
2201 1369 2238 1399 13
2259 1367 2282 1400 f.
2306 1369 2347 1400 69

1564 1445 1644 1475 1400
1668 1445 1762 1477 Febr.
1788 1446 1829 1477 20
1858 1446 1938 1478 Bon.
1959 1446 2009 1478 1x
2029 1447 2100 1479 Obl.
2120 1448 2160 1479 48
2178 1447 2207 1479 A
2224 1447 2247 1480 f.
2269 1449 2324 1480 131

367 1564 608 1601 Gennadium
632 1577 659 1598 v.
684 1564 900 1602 cenadion.
926 1586 966 1591 —
991 1565 1122 1601 Guhet
1146 1567 1215 1607 (de)
1240 1576 1266 1597 v.
1292 1564 1476 1600 sii-mian.
1500 1583 1542 1588 —
1568 1563 1778 1609 Gnjavien.
1803 1576 1830 1598 v.
1855 1565 2167 1602 madi-lavian.

738 1682 916 1718 Culmen.
943 1682 1085 1723 (Gulm)
1109 1683 1143 1714 in
1168 1682 1314 1722 Prussia,
1339 1682 1429 1714 suffr.
1456 1682 1574 1723 Rigen.
1599 1682 1680 1724 (700
1703 1682 1788 1724 ss)¹)

153 1793 567 1801 ..........
603 1769 808 1800 Heidenrieus
831 1768 866 1799 O.
891 1767 1014 1805 Praed„
1037 1779 1122 1799 cons.

148 1823 198 1854 ob.
212 1823 306 1854 Heid.
321 1823 414 1862 (1262
431 1822 507 1853 Jun.
521 1823 573 1861 29)
604 1822 784 1854 Fredericus
805 1821 844 1852 de
866 1821 1035 1861 Hausen2),
1058 1832 1143 1853 cons.

219 2027 252 2060 ¹³)
272 2028 353 2053 Prov.
376 2028 444 2053 1406
464 2027 543 2052 Febr.
565 2028 581 2052 8
602 1983 789 2058 (LzrstT-lffi
809 2027 827 2052 f.
849 2028 908 2053 210.

219 2072 251 2104 14)
273 2072 334 2098 Gre.
353 2072 411 2097 XII
429 2080 453 2097 a.
474 2072 541 2098 1407
559 2072 702 2097 ecclesiam
718 2071 826 2098 Creten.
845 2072 881 2097 ad
899 2080 999 2098 manus
1015 2080 1079 2098 sums
1096 2072 1212 2097 retinuit

147 2125 268 2143 unacum
289 2117 501 2150 Constantinop.
524 2119 553 2141 et
574 2116 718 2147 Coronen„
740 2125 858 2150 quarum
880 2117 1056 2144 ecclesiarum
1077 2117 1212 2142 vicarium

147 2170 208 2196 gen.
232 2162 299 2188 1407
320 2162 392 2187 Nov.
415 2162 431 2186 9
452 2161 599 2187 Nicolaum
620 2161 652 2186 el.
675 2161 835 2187 Mothonen.
859 2162 1019 2191 constituit;
1039 2154 1096 2187 vdie
1117 2164 1212 2186 autem

150 2208 182 2232 15
192 2206 258 2232 Maii
270 2207 338 2232 1408
349 2206 489 2232 Victorem
500 2214 542 2239 ep.
554 2206 680 2239 Milopot.
692 2206 822 2231 ecclesiae
832 2206 945 2240 quidem
956 2206 1063 2232 Creten.
1076 2206 1128 2231 vic.
1139 2214 1212 2239 gen„

147 2251 323 2277 ecclesiarum
346 2259 412 2276 vero
434 2250 646 2284 Constantinop.
671 2254 699 2276 et
721 2250 829 2277 Creten.
854 2254 1061 2285 procuratorem
1083 2259 1144 2284 gen.
1168 2250 1213 2276 die

150 2296 182 2321 13
198 2296 276 2322 Junii
293 2296 360 2321 1408
375 2295 530 2321 Antonium
545 2296 589 2321 tit.
606 2304 627 2321 s.
644 2295 719 2321 Petri
734 2295 770 2321 ad
785 2296 857 2322 vinc.
874 2295 964 2329 presb.
981 2296 1066 2326 card„
1082 2298 1213 2328 nepotem

147 2349 239 2370 suum,
258 2341 388 2366 instituit.
426 2340 480 2366 Cfr.
502 2340 569 2373 Reg.
590 2340 654 2366 Vat.
675 2343 695 2365 t.
716 2341 768 2366 336
787 2340 805 2366 f.
828 2341 887 2370 159,
909 2341 968 2370 167,
990 2341 1049 2371 171,
1070 2340 1131 2370 218,
1151 2340 1212 2370 245,

217 2384 252 2417 1¹⁵)
271 2385 317 2411 Fit
327 2385 497 2419 gubernator
511 2386 585 2417 (cum
599 2388 700 2419 potest.
712 2385 816 2419 legati).
829 2386 952 2412 civitatis
966 2385 1089 2411 Perusin.
1103 2386 1137 2410 25
1149 2384 1211 2411 Oet.

150 2430 218 2455 1425
237 2429 317 2463 (Reg.
337 2429 401 2455 Vat.
422 2433 442 2455 t.
463 2430 515 2455 350
533 2430 551 2455 f.
574 2430 645 2461 175).

220 2474 254 2505 ¹⁶)
273 2474 337 2507 Ipse
344 2474 496 2499 Benedicto
504 2474 578 2500 XIII
588 2475 657 2507 (jam
665 2474 902 2508 deposito)adhuc
913 2483 936 2500 a.
949 2475 1017 2500 1422
1027 2474 1212 2504 adhaerebam

147 2518 196 2543 cfr.
216 2518 283 2552 Reg.
302 2519 366 2544 Vat.
386 2522 406 2544 t.
425 2519 477 2544 329
494 2519 512 2544 f.
533 2520 591 2544 194.

617 2565 747 2591 Groacen.

219 2607 240 2639 ¹)
262 2607 333 2633 Sunt
341 2608 389 2641 qui
398 2608 532 2638 scribunt,
541 2607 670 2634 Croaeen.
679 2609 796 2633 eandem
804 2609 947 2634 ecclesiam
955 2617 1014 2634 esse
1022 2617 1054 2634 ac
1062 2608 1212 2638 Dumnen„

147 2660 220 2685 quae
236 2652 348 2685 quidem
364 2652 401 2678 ad
416 2652 533 2677 eandem
549 2653 722 2686 provinciam
735 2653 876 2686 Spalaten.
895 2653 1067 2686 pertinebat;
1085 2653 1133 2678 sed
1149 2661 1212 2678 cum

149 2696 216 2721 haec
229 2697 384 2730 suppositio
398 2699 457 2722 tam
471 2699 547 2722 certa
560 2705 615 2722 non
628 2706 687 2722 esse
700 2697 838 2727 videatur,
853 2698 912 2723 illos
925 2707 1010 2731 epos..
1025 2698 1073 2731 qui
1086 2706 1213 2731 expresse

147 2740 277 2767 Croacen.
295 2742 323 2766 in
338 2741 439 2767 litteris
454 2742 643 2775 provisionum
661 2743 850 2772 nominantur,
867 2742 910 2768 hie
927 2743 955 2768 in
971 2751 1022 2768 sua
1037 2743 1105 2768 serie
1121 2751 1212 2767 reeen-

148 2785 248 2811 sendos
262 2786 400 2811 duximus.
416 2800 452 2804 —
466 2786 518 2811 Die
532 2787 565 2812 27
583 2786 659 2819 Sept.
678 2787 744 2814 1317
760 2790 789 2812 et
806 2787 873 2812 1318
889 2787 956 2813 Jun.
973 2788 989 2813 6
1004 2796 1063 2821 epo.
1080 2787 1211 2813 Croacen.

148 2831 211 2862 (aut
227 2830 322 2856 Oroen.
334 2831 357 2862 ἲ)
375 2830 450 2856 exuli
467 2831 605 2864 quaedam
623 2831 719 2864 pensio
736 2832 894 2865 assignatur
911 2832 1021 2864 (Mollat
1037 2840 1078 2857 nr.
1096 2832 1167 2858 5629
1184 2834 1213 2857 et

148 2875 229 2907 7392)
240 2883 272 2900 ac
286 2876 354 2901 1320
366 2875 433 2901 Jun.
446 2875 481 2901 20
491 2875 516 2900 ei
527 2876 555 2900 in
566 2875 648 2901 Curia
659 2877 843 2901 commoranti
854 2885 871 2901 a
883 2876 909 2901 S.
923 2877 952 2902 P.
966 2876 1105 2910 quaedam
1116 2876 1210 2902 eleem.

147 2919 232 2945 datur
248 2919 391 2952 (Schaefer,
409 2920 469 2945 Lib.
487 2928 598 2953 expens.
618 2920 663 2945 Jo.
682 2920 770 2946 XXII
787 2929 848 2954 pag.
867 2922 938 2952 674).

1565 1768 1644 1798 1245

1566 1822 1643 1852 1264

1842 1763 1844 1869 Ι
1858 1769 1871 1865 )
1919 1795 2018 1827 Gams
2039 1797 2099 1827 346

1391 1982 1413 2014 2)
1433 1981 1475 2007 De
1499 1980 1658 2011 Ahrweiler‚
1683 1980 1715 2006 Ο.
1741 1980 1842 2012 earm„
1867 1981 1945 2007 suffr.
1971 1981 2146 2008 Cameracen.
2171 1985 2200 2008 et
2223 1982 2387 2015 Tomacen,

1321 2027 1337 2060 †
1356 2026 1520 2052 Mechliniae
1540 2026 1572 2052 12
1592 2025 1658 2059 Apr.
1681 2026 1758 2052 1370.

1391 2071 1413 2103 ³)
1433 2070 1457 2097 A
1468 2070 1650 2104 scriptoribus
1661 2069 1693 2096 Ο.
1706 2070 1752 2095 Er.
1765 2079 1785 2096 s.
1799 2070 1831 2096 A.
1844 2070 1967 2104 ipsorum
1979 2071 2076 2097 Ordini
2087 2071 2267 2103 adscribitur5
2278 2081 2303 2099 a.
2318 2073 2388 2099 1383

1321 2116 1490 2142 transfertur
1508 2115 1544 2141 ad
1563 2115 1715 2148 Tergestin.

1391 2161 1414 2192 ⁴)
1433 2160 1563 2186 Forsitan
1583 2159 1656 2186 idem
1677 2168 1709 2185 ac
1732 2159 1891 2185 Gualterius
1910 2168 1953 2194 ep.
1974 2160 2082 2194 Crojen.
2104 2160 2140 2186 wd
2160 2169 2185 2187 a.
2208 2161 2277 2188 1400
2296 2161 2385 2188 adeor.

1392 2205 1414 2237 ⁵)
1433 2205 1517 2239 Apud
1532 2205 1622 2235 Gams,
1639 2205 1687 2238 qui
1703 2205 1800 2230 seriem
1816 2213 1940 2238 epotum.
1958 2205 2088 2231 Croacen.
2104 2213 2161 2231 non
2176 2205 2299 2237 exhibet,
2315 2206 2391 2232 inter

1320 2259 1395 2284 epos.
1413 2250 1520 2283 Crojen.
1538 2252 1707 2280 recensetum
1725 2252 1756 2275 at
1771 2249 1835 2275 6661.
1853 2249 1961 2282 Crojen.
1979 2252 2040 2276 erat
2055 2249 2133 2276 suffr.
2151 2250 2288 2277 Duracen.

1798 2308 1907 2339 eroien.

1393 2362 1414 2393 1)
1433 2362 1476 2387 De
1489 2361 1607 2388 Galeata
1619 2361 1650 2387 O.
1665 2361 1710 2386 Er.
1723 2370 1744 2386 s.
1758 2361 1801 2392 A„
1814 2361 1918 2395 poenit.
1932 2362 2023 2387 minor
2038 2362 2066 2386 in
2085 2361 2162 2387 basil.
2176 2361 2241 2388 Vat.
2253 2361 2289 2388 de
2300 2362 2387 2394 Urbe,

1322 2415 1399 2440 ρων.
1418 2407 1452 2432 20
1468 2406 1535 2432 Maii
1553 2407 1621 2432 1398
1639 2406 1712 2438 (Lat.
1731 2408 1752 2431 t.
1770 2407 1803 2433 57
1820 2405 1839 2431 f.
1858 2407 1911 2438 86).
1945 2406 2124 2432 Transfertur
2141 2407 2209 2432 1405
2225 2406 2262 2432 ad
2278 2406 2386 2433 Boven.

1322 2451 1503 2477 Desideratur
1520 2451 1596 2485 apud
1614 2450 1704 2480 Germe,
1724 2451 1772 2484 qui
1791 2450 1827 2476 ad
1846 2459 1870 2476 a.
1894 2451 1962 2476 1425
1980 2450 2135 2476 Antonium
2154 2451 2296 2477 Venturae
2313 2451 2389 2477 inter

1321 2504 1395 2530 epos.
1411 2496 1518 2530 Crojen.
1534 2498 1666 2526 recenset,
1682 2504 1765 2529 quem
1780 2496 1853 2520 inter
1866 2503 1941 2529 epos.
1957 2495 2086 2521 Croaeen.
2102 2503 2242 2521 recensere
2255 2495 2362 2523 debuit.

1791 2554 1915 2581 Culmen.

1392 2607 1413 2640 ¹)
1433 2607 1510 2633 Haec
1537 2607 1601 2633 6661.
1630 2615 1751 2632 unacum
1779 2607 1981 2638 Pomesanien.,
2011 2606 2149 2633 Sambien.
2178 2609 2207 2632 et
2233 2606 2385 2634 Warmien.

1320 2655 1413 2678 erecta
1429 2655 1472 2678 est
1489 2661 1537 2686 per
1556 2652 1724 2678 Guilelmum
1742 2651 1807 2677 olim
1825 2660 1917 2685 epum.
1935 2652 2071 2678 Mutinen.
2090 2654 2119 2677 et
2135 2653 2225 2684 apost.
2243 2651 2316 2677 sedis
2332 2651 2384 2686 leg.

1320 2698 1349 2722 in
1372 2697 1501 2722 Prusciae
1524 2699 1553 2722 et
1576 2697 1710 2722 Livoniae
1733 2697 1870 2730 partibus,
1894 2697 1967 2722 sicut
1990 2696 2120 2722 scribitur
2142 2695 2300 2722 Christiano
2322 2704 2385 2733 epo.

1321 2742 1451 2767 Pruseiae
1469 2742 1536 2767 1243
1554 2741 1623 2768 Julii
1640 2742 1674 2767 30
1690 2741 1726 2767 ab
1743 2741 1805 2766 Inn.
1824 2741 1864 2767 IV
1881 2742 1916 2772 (a.
1937 2742 1949 2766 1
1967 2749 2010 2774 ep.
2030 2742 2080 2766 115
2097 2739 2144 2765 cfr.
2165 2740 2212 2766 121
2230 2742 2260 2766 et
2277 2740 2347 2773 144).

1391 2786 1413 2818 ²)
1433 2786 1485 2812 Die
1502 2787 1535 2812 16
1550 2786 1620 2819 Aug.
1641 2786 1709 2812 1264
1725 2786 1793 2812 Urb.
1811 2785 1851 2811 IV
1867 2794 1927 2819 epo.
1946 2785 2125 2819 Herbipolen.
2143 2784 2270 2810 coneedit
2285 2784 2384 2811 facult.

1321 2831 1499 2865 praeficiendi
1520 2831 1650 2856 ecclesiae
1671 2830 1795 2857 Culmen.
1818 2831 1847 2855 in
1868 2838 1961 2864 epum.
1984 2829 2154 2855 Fridericum
2175 2829 2210 2854 de
2231 2828 2329 2855 Husen
2350 2828 2383 2856 Ο.

1320 2875 1408 2909 Hosp.
1430 2884 1450 2901 s.
1471 2875 1509 2901 M.
1530 2875 1668 2901 Theuton.
1689 2875 1770 2908 eique
1790 2882 1891 2900 munus
1911 2883 2031 2900 consecr.
2052 2873 2231 2908 impendendi
2251 2873 2387 2905 (Potmaet

1320 2929 1361 2946 nr.
1385 2921 1490 2952 19000).
2219 2923 2222 2925 “
