2482 3178
189 96 228 128 38
863 94 1095 130 cardinales
1120 95 1298 140 episcopi
1321 95 1516 137 sabinen„
1542 97 1755 132 Tusculan.

189 199 303 229 Petrus
327 198 513 236 Duacensis,
540 198 620 230 diae.
648 209 672 230 s.
698 198 818 230 Mariae
844 199 875 229 in
901 198 996 240 Aqu.,
1023 198 1132 229 transl.
1162 199 1278 237 12162),
1304 198 1386 230 obiit
1413 200 1500 231 1221.

189 251 445 283 Aldebrandinus
472 252 655 294 Cajetanus,
684 252 734 283 tit.
762 263 786 283 s.
817 252 991 289 Susannae,
1019 252 1129 283 transl.
1160 252 1276 292 1221)³,
1303 252 1385 284 obiit
1413 254 1491 284 1223
1516 253 1590 285 Jan.
1616 255 1662 285 11.

189 305 345 337 Oliverius
368 305 463 342 Saxo,
485 317 533 347 ep.
557 305 792 337 Paderbornen.
817 305 875 345 (ΙΙ,
897 307 939 345 5),
962 316 1062 346 prom.
1087 307 1166 336 1225
1187 317 1228 336 m.
1254 305 1354 347 Sept„
1376 306 1458 338 obiit
1479 307 1568 338 1227.

190 359 331 390 Joannes
354 359 488 400 Halgrin
512 359 547 391 O.
573 359 674 397 Clun.,
699 363 781 401 patr.
807 359 1050 400 Constantinop.
1076 359 1152 399 (III,
1178 360 1218 398 1),
1242 370 1343 400 prom.
1370 360 1459 397 1227,
1482 360 1564 392 obiit
1588 362 1676 392 1238.

190 412 363 444 Gausridus
385 412 636 450 Castillionaeus,
660 413 711 444 tit.
735 423 758 444 s.
782 413 890 449 Marci,
914 412 1024 443 transl.
1050 414 1138 449 1239,
1162 412 1258 444 exalt.
1282 413 1313 444 in
1337 413 1369 448 S.
1393 413 1427 444 P.
1453 413 1548 453 (0001.
1573 414 1642 454 IV).

190 466 364 498 Guilelmus
386 466 425 497 de
450 466 621 503 Sabaudia,
645 466 720 497 olim
742 477 790 507 ep.
814 466 969 497 Mutinen.
994 466 1045 505 (V,
1068 467 1110 505 2),
1134 477 1235 507 prom.
1260 467 1349 503 1244,
1372 467 1453 498 obiit
1476 468 1550 498 1251
1576 467 1670 499 Mart.
1694 470 1744 499 31.

188 520 301 551 Petrus
324 520 363 551 de
388 520 488 551 Barro
513 520 549 551 Ο.
576 520 664 557 Cist.,
689 521 740 551 tit.
766 530 789 550 s.
816 519 966 557 Marcelli,
991 519 1101 550 transl.
1130 521 1218 557 1252,
1243 520 1324 551 obiit
1350 521 1467 560 1252.⁴¹)

189 573 293 605 Guido
315 573 455 610 Fuleodi,
478 584 546 614 aep.
570 573 752 605 Narbonen.
776 573 862 612 (VII,
887 574 926 612 1),
949 584 1049 614 prom.
1074 574 1162 610 1261,
1185 573 1281 605 exalt.
1303 574 1335 605 in
1359 574 1389 605 S.
1412 574 1447 606 P.
1471 574 1580 614 (Clem.
1603 575 1701 615 IV).⁵)

186 627 384 658 Bertrandus
405 638 423 657 a
443 638 466 658 S.
488 628 638 664 Martino,
660 638 728 668 aep.
751 626 911 658 Arelaten.
934 626 1007 666 (IX,
1029 628 1071 666 5),
1093 638 1194 668 prom.
1218 627 1296 658 1273
1318 628 1395 659 Jun.
1417 630 1446 665 3,
1467 627 1548 659 obiit
1568 639 1594 659 0.
1618 628 1706 660 1277.

187 680 347 712 Gerardus
370 680 518 717 Blaneus,
542 681 609 711 bas.
633 680 701 711 XII
725 684 840 721 apost.,
865 680 974 711 transl.
1001 682 1075 711 1281
1102 680 1141 711 al.
1168 681 1256 718 1278,
1280 681 1361 712 obiit
1386 683 1464 713 1302
1486 682 1581 713 Mart.
1607 683 1662 723 1.⁶)

185 734 298 766 Petrus
319 734 467 766 Roderiei
487 734 662 775 Hispanus,
684 745 731 775 ep.
755 734 891 775 Burgen.
915 733 1054 774 (XVIII,
1077 735 1138 774 14),
1160 745 1261 775 prom.
1285 736 1363 766 1302
1384 735 1460 766 Dee.
1484 737 1532 773 15,
1553 735 1635 767 obiit
1656 737 1736 767 1310
1755 736 1831 768 Dec.
1853 738 1931 777 202⁷)

185 787 344 819 Arnaldus
363 787 402 819 de
424 788 606 829 Falgueriis,
628 799 696 829 aep.
720 788 878 819 Arelaten.
901 788 990 827 (XX,
1014 789 1074 827 11),
1095 799 1196 829 prom.
1220 789 1299 819 1310
1318 788 1394 820 Deo.
1418 790 1465 827 19,
1486 789 1567 820 obiit
1588 789 1666 821 1317
1689 789 1776 831 Sept.
1800 792 1847 822 12.

186 841 361 873 Guilelmus
382 841 468 872 Petri
490 841 594 873 Godin
616 842 651 873 O.
674 841 798 878 Praed.,
819 842 870 873 tit.
892 853 914 872 s.
937 842 1038 878 Caee.‚
1059 841 1170 873 transl.
1192 846 1265 883 post
1286 842 1363 873 1317
1387 842 1474 884 Sept.
1498 844 1545 880 12,
1566 842 1647 874 obiit
1668 845 1746 875 1336
1769 844 1858 876 Junii
1877 846 1906 876 4.

183 894 368 926 Matthaeus
388 895 523 926 Ursinus
542 895 578 926 O.
600 895 725 932 Praed.,
746 896 796 926 tit.
818 906 857 926 ss.
880 895 954 926 Joh.
975 899 1008 927 et
1027 895 1129 932 Pauli,
1149 895 1259 926 transl.
1283 898 1361 927 1338
1381 897 1457 928 Dec.
1480 897 1528 934 18,
1548 896 1630 928 obiit
1649 898 1729 928 1340
1747 898 1828 940 Aug.
1850 900 1898 930 18.

184 947 298 980 Petrus
324 949 473 986 Gometii,
498 950 549 980 tit.
575 960 599 980 s.
625 949 789 986 Praxedis,
814 949 924 980 transl.
952 950 1041 986 1341,
1065 949 1146 980 obiit
1172 950 1250 980 1348
1276 950 1341 981 Jul.
1370 951 1416 981 14.

183 1002 381 1033 Bertrandus
401 1002 441 1033 de
461 1003 592 1039 Deucio,
615 1004 665 1034 tit.
688 1014 712 1034 s.
734 1003 844 1039 Marci,
865 1002 975 1034 transl.
1000 1004 1078 1033 1348
1099 1003 1182 1034 Nov.
1204 1004 1233 1040 4,
1255 1003 1336 1035 obiit
1359 1005 1437 1034 1355
1459 1004 1529 1035 Oet.
1551 1005 1601 1035 21.

182 1056 332 1097 Aegidius
353 1056 392 1087 de
414 1056 583 1093 Albornoz,
605 1057 656 1088 tit.
679 1067 702 1087 s.
726 1056 907 1094 Clementis,
929 1056 1039 1087 transl.
1062 1067 1103 1087 m.
1126 1057 1203 1088 Dec.
1227 1058 1316 1094 1356,
1338 1057 1419 1089 obiit
1442 1057 1519 1089 1367
1541 1058 1621 1099 Aug.
1643 1059 1692 1090 23.

183 1109 358 1141 Guilelmus
378 1110 417 1141 de
438 1110 601 1151 Agrifoho,
623 1111 673 1142 tit.
695 1121 719 1141 s.
741 1110 861 1142 Mariae
880 1114 919 1141 tr.
942 1110 1022 1147 Tib„
1044 1110 1154 1141 transl.
1178 1110 1255 1141 1367
1279 1110 1366 1152 Sept.
1390 1111 1437 1148 17,
1459 1111 1540 1142 obiit
1561 1112 1639 1142 1369
1661 1112 1731 1143 Oct.
1753 1114 1782 1144 4.

181 1163 347 1205 Philippus
370 1163 548 1200 Cabassole,
572 1164 623 1195 tit.
648 1175 686 1195 ss.
711 1164 848 1195 Marcell.
873 1168 906 1195 et
927 1164 1024 1201 Petri,
1047 1164 1158 1195 transl.
1184 1164 1272 1201 1370,
1295 1164 1377 1196 obiit
1401 1165 1478 1201 1372
1501 1165 1582 1206 Aug.
1605 1164 1655 1197 27.

182 1217 324 1249 Joannes
346 1217 385 1248 de
410 1217 595 1255 Blandiaeo,
621 1218 671 1249 tit.
697 1228 720 1248 s.
746 1217 855 1254 Marci,
880 1217 990 1249 transl.
1018 1218 1106 1255 1372,
1131 1218 1212 1249 obiit
1238 1218 1315 1249 1379
1341 1218 1420 1250 Julii
1445 1220 1472 1250 6.

179 1270 274 1311 Hugo
295 1271 334 1302 de
355 1271 583 1312 Montelegum,
605 1272 655 1303 tit.
679 1271 725 1302 IV
746 1271 870 1308 Coron.,
892 1271 1002 1302 transl.
1027 1271 1116 1308 1379,
1138 1271 1219 1303 obiit
1242 1273 1320 1302 1384
1342 1272 1433 1303 Febr.
1456 1273 1505 1303 29.
1595 1299 1597 1301 .

179 1324 292 1355 Petrus
312 1324 351 1356 de
374 1325 557 1362 Sortenaco,
580 1325 630 1356 tit.
653 1336 676 1356 s.
698 1325 792 1356 Laur.
815 1325 846 1356 in
867 1325 955 1362 Luc.‚
977 1325 1087 1356 transl.
1111 1326 1199 1362 1384,
1221 1325 1302 1357 obiit
1324 1327 1403 1356 1390
1424 1326 1503 1367 Aug.
1528 1327 1564 1356 15
1585 1326 1624 1357 al.
1649 1326 1695 1358 17.

178 1377 344 1420 Philippus
364 1378 403 1409 de
424 1379 606 1415 Alenconio,
628 1380 679 1410 tit.
701 1390 724 1409 s.
746 1379 866 1410 Mariae
886 1383 925 1410 tr.
948 1378 1028 1415 Tib„
1049 1379 1159 1410 transl.
1182 1390 1207 1410 0.
1232 1380 1320 1416 1380,
1342 1379 1454 1410 transf.
1476 1379 1517 1410 ad
1539 1380 1659 1411 Ostien.
1684 1381 1800 1413 13888)

180 1431 321 1463 Jacobus
342 1432 382 1463 de
405 1433 574 1472 Aragonia,
599 1433 649 1464 tit.
674 1443 697 1463 s.
722 1432 903 1469 Clementis,
927 1432 1036 1463 transl.
1063 1434 1151 1469 1391,
1175 1432 1255 1464 obiit
1280 1434 1357 1463 1396
1380 1433 1456 1464 Maii
1478 1434 1527 1464 30.

178 1485 364 1517 Franciseus
386 1485 560 1523 Carbonus,
584 1487 634 1517 tit.
659 1497 682 1517 s.
710 1486 884 1523 Susannae,
907 1486 1017 1517 transl.
1043 1487 1131 1523 1392,
1154 1486 1235 1517 obiit
1259 1487 1337 1517 1405
1361 1487 1451 1518 Junii
1475 1488 1550 1526 18.⁹)

177 1538 334 1571 Henricus
355 1539 394 1571 de
416 1540 593 1577 Minutulis,
616 1551 664 1581 ep.
689 1539 871 1576 Tusculan.,
894 1540 1003 1570 transl.
1029 1540 1106 1570 1409
1130 1540 1208 1571 Julii
1231 1542 1259 1577 2,
1282 1540 1363 1572 obiit
1385 1545 1460 1571 ante
1483 1542 1561 1571 1412
1585 1541 1675 1572 Junii
1699 1541 1787 1579 17.1⁰)

178 1592 320 1624 Joannes
341 1593 514 1631 Flandrini,
537 1594 587 1625 tit.
610 1604 649 1624 ss.
674 1593 747 1625 Joh.
770 1598 803 1624 et
823 1592 924 1630 Pauli,
946 1594 1059 1625 transl.
1081 1594 1158 1624 1405
1181 1594 1257 1625 Jun.
1282 1595 1329 1631 13,
1351 1594 1432 1625 obiit
1454 1596 1532 1625 1415
1554 1594 1619 1626 Jul.
1641 1596 1670 1626 8.

177 1645 290 1677 Petrus
311 1647 350 1678 de
372 1647 516 1688 Frigidis,
539 1648 590 1678 tit.
614 1658 637 1678 s.
661 1647 824 1684 Praxedis,
847 1647 957 1678 transl.
982 1649 1059 1678 1413
1084 1647 1170 1688 Sept.
1194 1649 1243 1684 23,
1266 1647 1347 1679 obiit
1370 1649 1449 1678 1420
1472 1648 1559 1689 Sept.
1585 1649 1673 1688 19.¹¹)

177 1699 362 1731 Franciscus
382 1701 522 1738 Landus,
544 1702 594 1732 tit.
617 1711 639 1732 s.
663 1701 779 1738 Crucis,
801 1701 911 1732 transl.
935 1702 1013 1731 1424
1033 1702 1109 1732 Dee.
1130 1703 1180 1738 23,
1201 1701 1282 1732 obiit
1304 1702 1380 1733 1427
1402 1702 1477 1733 Dee.
1499 1702 1591 1741 26.¹²)

178 1753 339 1785 Jordanus
363 1754 507 1792 Ursinus,
533 1766 581 1796 ep.
609 1754 775 1792 Albanen.,
801 1755 911 1786 transl.
939 1756 1013 1786 1431
1040 1755 1134 1786 Mart.
1163 1757 1209 1792 14,
1235 1754 1316 1786 obiit
1341 1757 1420 1786 1438
1443 1756 1519 1787 Maii
1543 1756 1592 1786 29.

1063 1863 1088 1894 Τ
1100 1872 1122 1893 u
1134 1871 1148 1893 s
1161 1871 1178 1894 0
1190 1863 1235 1893 ul
1248 1871 1267 1894 a
1278 1872 1319 1894 11.,
1356 1863 1532 1902 (Frascati).

174 1931 324 1963 Nioolaus
344 1933 383 1964 de
404 1934 559 1964 Romanis
581 1934 620 1973 (Ι,
642 1935 684 1973 8),
707 1945 807 1975 prom.
832 1935 921 1971 1205,
943 1934 1023 1965 obiit
1045 1935 1133 1965 1219.

174 1985 324 2017 Nicolaus
345 1986 384 2018 de
407 1987 610 2018 Claromonte
632 1987 668 2018 Ο.
693 1988 768 2019 Cist.
794 1987 851 2027 (II,
874 1989 917 2027 3),
940 1998 1040 2028 prom.
1066 1988 1182 2027 12191),
1205 1988 1286 2019 obiit
1310 1988 1398 2019 1227.

175 2039 317 2070 Jacobus
336 2040 375 2071 de
394 2040 546 2078 Vitriaco,
567 2052 615 2081 ep.
638 2042 794 2072 Aeconen.
817 2041 893 2081 (III,
914 2041 956 2080 7),
977 2052 1078 2082 prom.
1101 2043 1190 2078 1228,
1211 2041 1292 2073 obiit
1313 2042 1392 2072 1240
1412 2041 1464 2081 (al.
1488 2043 1566 2072 1244
1586 2042 1661 2083 Apr.
1683 2043 1745 2081 30).

174 2093 243 2124 Odo
261 2093 299 2124 de
317 2094 427 2125 Castro
445 2094 577 2125 Radulfi
595 2095 631 2125 O.
651 2095 726 2126 Cist.
746 2095 796 2134 (V,
815 2096 857 2134 3),
876 2106 976 2136 prom.
998 2096 1085 2132 1244,
1104 2095 1185 2126 obiit
1204 2095 1281 2126 1273
1301 2096 1375 2127 Jan.
1394 2097 1443 2126 25.

642 2193 767 2220 sabinen.

244 2245 265 2277 ²)
286 2245 408 2271 Conseer.
431 2245 466 2271 ab
484 2246 544 2279 ipso
566 2246 591 2271 S.
613 2246 642 2271 P.
664 2246 736 2271 Hon.
758 2246 803 2271 III
824 2247 859 2278 (a.
882 2247 894 2272 1
916 2246 961 2271 lib.
984 2248 995 2271 1
1017 2247 1035 2272 f.
1059 2247 1127 2278 103).

243 2299 264 2330 ³)
285 2299 408 2324 Conseer.
430 2299 465 2324 ab
484 2300 543 2332 ipso
565 2300 590 2325 S.
612 2300 641 2325 P.
662 2299 735 2325 Hon.
756 2300 801 2325 ΙΙΙ
822 2301 856 2331 (a.
878 2302 903 2330 5,
923 2300 964 2325 ed.
986 2300 1072 2325 Press.
1094 2301 1116 2330 Ι,
1137 2301 1196 2326 569.

243 2352 264 2383 ⁴¹)
287 2353 329 2378 Sic
346 2353 472 2378 vacantis
488 2353 551 2378 eccl.
573 2353 700 2378 Sabinen.
719 2353 925 2379 administratio
943 2354 1010 2379 1253
1026 2354 1091 2379 Dec.
1113 2355 1144 2379 16
1161 2363 1232 2379 00111-

173 2397 254 2421 missa
272 2400 313 2422 est
332 2397 367 2422 ab
386 2397 446 2422 Inn.
466 2397 506 2423 IV
525 2399 559 2429 (a.
582 2399 611 2423 ll
631 2398 649 2423 f.
670 2398 703 2423 23
721 2406 763 2431 ep.
783 2398 845 2429 303)
865 2398 1007 2423 Bernardo
1025 2398 1182 2424 Caraceiolo
1199 2399 1231 2424 el.

172 2439 345 2474 Neapolitan.
372 2442 453 2474 Apud
464 2442 545 2467 Ga'ms
557 2445 585 2467 et
598 2442 665 2467 alios
678 2443 750 2467 inter
762 2442 875 2467 Petrum
889 2442 922 2468 de
936 2442 1022 2468 Barro
1034 2446 1061 2468 et
1077 2442 1233 2468 Guidonem

171 2489 346 2511 recensentur
366 2486 400 2511 ad
421 2495 444 2512 a.
469 2487 536 2511 1252
557 2487 706 2516 „Nicolaus
726 2487 833 2520 legatus
854 2487 881 2512 in
902 2487 1041 2512 Prussiam
1053 2488 1081 2512 :²⁴⁴
1102 2491 1131 2513 et
1151 2487 1187 2512 ad
1207 2496 1230 2513 a.

173 2530 310 2555 1252—54
330 2530 473 2560 „Joannes
492 2531 526 2556 de
546 2531 680 2564 Perugia“
701 2531 734 2557 al.
756 2531 790 2556 (le
810 2532 922 2565 Peroga.

242 2583 262 2614 5)
285 2583 327 2609 Sic
348 2592 406 2609 vae.
429 2584 492 2609 0001.
517 2584 609 2609 Sabin.
632 2584 836 2610 administratio
859 2586 926 2610 1265
946 2586 1027 2611 Mart.
1050 2586 1066 2610 4
1086 2586 1232 2611 commissa

168 2630 210 2653 est
227 2636 243 2652 a
261 2627 313 2653 Cle.
333 2628 372 2653 IV
391 2630 425 2660 (a.
445 2631 465 2653 t.
485 2629 518 2653 32
535 2637 577 2662 ep.
597 2630 623 2660 5)
643 2629 726 2654 Petro
743 2629 777 2654 de
796 2629 856 2654 Elia
873 2638 933 2663 epo,
953 2630 1122 2663 Aquinaten.

240 2681 260 2712 6)
281 2681 331 2706 Ι)10
349 2682 380 2706 12
396 2681 460 2714 Apr.
479 2682 546 2707 1302
562 2690 632 2715 mag.
650 2682 787 2708 Antonius
802 2683 836 2708 de
852 2683 960 2713 Parma,
977 2692 1036 2709 ean.
1054 2684 1230 2712 Lateranen..

168 2724 202 2750 fit
224 2725 326 2750 admin.
351 2726 378 2750 in
401 2726 487 2758 spirit.
511 2729 539 2751 et
562 2730 677 2759 tempor.
702 2730 808 2760 epatus.
835 2727 962 2753 Sabinen.

167 2814 361 2840 committitur.

168 2902 293 2929 Andreae
311 2912 370 2936 epo.
391 2903 530 2929 Potentin.
551 2907 578 2929 et
597 2904 668 2929 ultra
688 2904 738 2929 1100
757 2905 861 2930 flumen
880 2905 1029 2932 Laurentio
1046 2915 1105 2940 epo,
1126 2907 1229 2933 Montis

1349 2193 1444 2219 viridis
1461 2196 1546 2227 atque
1564 2194 1634 2219 citra
1650 2194 1757 2220 flumen
1774 2194 1893 2220 Corresis
1911 2194 2020 2220 <Iacobo
2037 2203 2096 2228 epo.
2116 2194 2250 2221 Thelesin.
2268 2195 2420 2224 eommim

1348 2241 1390 2263 est
1407 2238 1442 2263 ab
1460 2238 1527 2264 Urb.
1540 2238 1585 2264 .VI
1603 2238 1678 2270 (Vat.
1697 2242 1717 2264 t.
1736 2239 1788 2264 312
1804 2239 1822 2264 f.
1841 2240 1876 2264 45
1893 2247 1924 2264 ac
1941 2242 1961 2265 t.
1980 2239 2031 2266 347
2048 2239 2066 2265 f.
2085 2239 2119 2265 32
2136 2241 2165 2265 et
2181 2239 2234 2271 33).

1419 2283 1439 2314 ⁹)
1460 2283 1512 2308 Per
1533 2283 1593 2316 ejus
1616 2283 1724 2309 obitum
1748 2284 1875 2309 vacantis
1897 2283 1961 2309 eecl.
1987 2283 2116 2310 Sabinen.
2140 2283 2244 2310 admin.
2267 2285 2418 2311 commissa..

1347 2331 1389 2353 est
1411 2328 1478 2353 1405
1499 2327 1566 2353 Julii
1586 2328 1602 2353 3
1622 2327 1745 2354 Antonio
1764 2336 1806 2361 ep.
1828 2328 1947 2353 Varnen.
1969 2331 1998 2354 et
2017 2328 2164 2354 Francisco
2183 2328 2291 2362 apresb.
2309 2328 2374 2355 0001.
2390 2337 2412 2356 s.

1347 2372 1459 2405 Agapiti
1479 2372 1513 2397 de
1534 2372 1637 2398 Nerula.
1657 2372 1733 2404 (Vat.
1755 2375 1775 2398 t.
1797 2373 1848 2398 333
1869 2372 1887 2398 f.
1909 2373 1972 2404 284)
1994 2375 2079 2406 atque
2101 2373 2170 2399 1406
2189 2373 2255 2399 Dec.
2276 2373 2311 2400 24
2330 2373 2419 2400 Petro
2478 2362 2480 2365 ι

1346 2425 1423 2450 aepo.
1445 2417 1596 2442 Messanen.
1635 2417 1707 2449 (Lat.
1729 2420 1748 2442 t.
1772 2417 1822 2442 128
1841 2417 1859 2442 f.
1881 2417 1952 2449 224).

1418 2461 1449 2492 ¹⁰)
1471 2461 1502 2487 A.
1527 2462 1594 2487 1412
1613 2461 1691 2487 Junii
1709 2462 1740 2488 17
1762 2461 1916 2487 administr.
1939 2461 2003 2487 0001.
2023 2462 2116 2488 Sabin.
2138 2462 2258 2488 carentis
2278 2462 2315 2488 ad
2335 2470 2415 2496 prae.

1345 2514 1407 2531 sens
1427 2506 1559 2531 cardinali
1582 2506 1730 2531 commissa
1749 2509 1791 2531 est
1807 2515 1824 2531 a
1844 2506 1889 2532 Jo.
1911 2506 2016 2532 XXIII
2033 2508 2068 2539 (a.
2085 2507 2101 2532 3
2117 2506 2179 2533 Lat.
2196 2507 2212 2533 l.
2230 2515 2307 2540 prov.
2330 2506 2350 2533 f.
2366 2507 2416 2543 29)-

1346 2550 1488 2575 Ludovico
1508 2551 1553 2582 (de
1573 2550 1672 2582 Fliseo)
1693 2551 1763 2576 diac.
1784 2559 1805 2576 s.
1826 2550 1950 2576 Anriam‘.

1418 2595 1448 2626 ¹¹)
1470 2595 1503 2620 Ei
1518 2596 1586 2620 1419
1600 2595 1679 2621 Junii
1693 2596 1727 2621 26
1740 2604 1757 2620 a
1769 2595 1843 2620 Mart
1857 2595 1880 2621 V
1895 2595 1968 2627 (Lat.
1983 2595 2000 2621 1.
2014 2596 2048 2621 32
2062 2595 2080 2621 f.
2096 2596 2140 2627 26)
2158 2595 2222 2621 0001.
2243 2603 2264 2621 s.
2279 2595 2417 2622 Caeciliae

1344 2639 1378 2665 de
1400 2639 1475 2665 Urbe
1497 2639 1532 2665 ad
1555 2648 1683 2673 praesens
1707 2640 1817 2673 proprio
1839 2639 1913 2666 card.
1935 2648 2031 2666 carens
2052 2640 2136 2666 datur
2156 2640 2186 2665 in
2206 2639 2408 2667 commendam.

1417 2684 1448 2716 ¹²)
1469 2684 1543 2709 Arm.
1559 2684 1628 2714 XII,
1644 2685 1691 2710 121
1709 2693 1734 2718 p.
1752 2685 1809 2710 182.
1837 2684 1872 2710 Ei
1883 2684 1998 2711 ecelesia
2013 2684 2141 2710 Sabinen.
2156 2685 2215 2717 jam
2229 2685 2297 2710 1424
2311 2684 2380 2710 Julii
2393 2685 2410 2712 7

1284 2741 1286 2749 ι
1345 2737 1361 2754 a
1372 2729 1453 2754 Mart.
1468 2729 1492 2754 V
1505 2730 1540 2760 (a.
1555 2729 1569 2755 7
1584 2729 1645 2754 Lat.
1659 2729 1676 2754 l.
1691 2737 1769 2762 prov.
1783 2729 1801 2754 f.
1817 2729 1871 2755 220
1881 2732 1911 2755 et
1922 2729 1984 2761 243)
1998 2728 2194 2755 commendata
2206 2731 2267 2755 erat
2278 2731 2416 2756 revocata.

241 2770 261 2801 ⁷)
282 2769 331 2795 Cui
350 2770 394 2795 die
414 2771 444 2795 21
467 2770 531 2796 Dee.
556 2771 623 2796 1302
643 2771 745 2796 admin.
767 2772 830 2797 0001.
852 2773 896 2797 tit.
918 2781 951 2798 ss.
975 2773 1091 2798 Joannis
1107 2776 1135 2798 et
1152 2773 1230 2798 Pauli
1284 2756 1285 2809 1

1283 2811 1285 2858 ¹¹
1345 2817 1375 2843 O.
1400 2818 1424 2843 S.
1447 2817 1478 2843 B.
1499 2817 1584 2843 dioec.
1607 2817 1745 2851 Fulginat.

238 2858 259 2890 ⁸)
280 2858 331 2884 Die
350 2859 381 2884 19
398 2859 466 2892 Aug.
488 2860 554 2884 1389
571 2859 673 2885 admin.
692 2860 755 2885 eccl.
777 2860 904 2886 Sabinen.
923 2862 992 2886 citra
1009 2862 1113 2887 flumen
1131 2862 1230 2888 Farfae
1283 2864 1284 2890 1

1343 2773 1403 2806 ejus
1420 2773 1661 2798 administratione
1678 2782 1726 2806 per
1744 2773 1884 2799 Jmobum
1903 2773 1968 2799 abb.
1987 2782 2052 2799 mon
2068 2782 2088 2799 s.
2108 2773 2201 2799 Crucis
2217 2773 2252 2799 de
2271 2773 2415 2800 Saxovivo.

1767 2863 1913 2890 Tusculum.

1414 2907 1434 2938 ¹)
1455 2906 1578 2932 Conseer.
1601 2906 1637 2932 ab
1658 2907 1718 2940 ipso
1741 2907 1767 2933 S.
1794 2907 1823 2933 Ρ.
1846 2907 1920 2933 Hon.
1943 2907 1989 2933 III
2010 2908 2045 2940 (a.
2068 2907 2092 2938 3,
2114 2907 2156 2932 ed.
2180 2907 2268 2933 Press.
2288 2907 2313 2938 Ἰ,
2335 2907 2411 2939 358).
