2482 3178
629 121 861 156 Cardinales
885 124 960 157 sub
984 124 1146 158 Nicolao
1170 125 1204 159 V
1227 126 1460 168 (antipapa),
1484 125 1701 158 Benedicto
1725 126 1796 158 XII
2290 128 2325 158 17

170 224 347 255 Bonifatius
369 224 406 255 de
426 225 618 255 Donoratico
641 224 676 255 Ο,
702 225 824 258 Praed..
849 225 990 262 Pisanus,
1014 238 1061 267 ep.
1087 227 1278 266 (¹11ironen.¹)
1305 243 1335 252 ε
1362 228 1495 258 fortasse
1517 239 1565 268 ep.
1590 228 1773 264 Tusculan.;

169 277 315 308 Nioolaus
337 277 374 308 de
394 277 551 308 Fabriano
574 277 609 308 Ο.
634 278 686 308 Er.
710 289 733 308 s.
759 278 821 316 .1.²)
849 294 878 303 Ξ
906 280 955 310 tit.
980 292 1002 310 s.
1032 280 1166 313 Eusebii.
1189 292 1262 311 mox
1285 292 1333 321 ep.
1359 281 1524 318 Albanen.,
1548 282 1710 312 renuntiat
1733 292 1760 312 a.
1786 283 1878 315 1333:

170 331 279 362 Petrus
299 331 429 362 Henrici
451 330 502 369 (al.
528 330 662 371 Orrighi,
686 331 865 372 Oringhius,
890 332 1029 371 Oringa).
1057 334 1218 364 Hmnanns
1243 350 1273 358 ἶ
1301 335 1350 364 tit.
1375 345 1397 364 s.
1422 334 1507 365 Petri
1550 334 1589 364 ad
1613 334 1753 371 vincula;

116 226 135 255 3

117 278 135 308 4

116 332 135 361 5

116 385 134 414 6
171 385 310 415 Joannes
331 384 483 419 Arlottus,
506 384 681 420 Romanus,
705 395 773 415 can.
798 384 863 415 bas.
888 387 984 426 princ.
1009 394 1110 426 apost.
1134 387 1172 417 (ἴω
1197 387 1280 417 Urbe
1307 403 1336 411 Ξ
1363 387 1442 418 diac.
1467 399 1489 417 s.
1514 387 1634 418 Nicolai
1658 389 1687 418 in
1711 398 1832 418 carcere
1857 388 2014 423 Tulliano;

139 226 148 263 )

139 279 148 316 )

138 332 147 369 )

138 386 147 423 )

922 483 952 521 b)
978 485 1009 514 in
1031 484 1246 524 posterioribus
1268 484 1519 524 promotionibus:

116 552 147 592 7)
168 553 285 584 Paulus
306 553 343 584 de
365 553 502 583 Viterbio
525 552 560 583 Ο.
584 553 671 589 Μ111.,
695 564 720 583 c.
745 564 785 584 m.
813 546 898 594 Sept.
927 556 1011 590 1328,
1036 559 1200 595 promotus
1223 556 1251 585 in
1276 556 1337 591 tit.,
1361 556 1415 595 qui
1438 556 1600 595 ignoratur
1623 555 1769 594 (fortasse
1791 567 1838 596 ep.
1864 556 2087 595 Tusculan.);³)

115 607 146 645 8)
170 606 310 637 Joannes
332 605 416 636 filius
438 606 594 636 Matthaei
616 607 653 637 de
674 607 924 642 vicecomitibus,
949 608 1154 646 Mediolanfl)
1178 619 1276 648 prom.
1302 608 1380 638 Pisis
1405 609 1440 637 19
1464 608 1513 638 vel
1535 609 1574 638 20
1597 608 1670 639 Jan.
1697 610 1773 638 1329
1796 604 1825 640 in
1849 609 1929 640 diac.
1953 621 1976 640 3
2001 609 2207 648 Eustachii;5)

116 660 146 699 9)
168 659 341 691 Pandulfus
363 659 496 694 eapocii,
521 659 736 700 pseudoepisc.
761 660 944 697 Viterbien.,
968 666 1132 701 promotus
1156 662 1184 692 in
1208 673 1256 702 ep.
1281 661 1458 700 Portuenfi)

944 789 1071 822 XXII.
1120 788 1363 822 Benedictus
1387 788 1476 821 XII.

95 872 250 912 (Jacobus
266 872 391 903 Novelli
407 873 447 903 al.
465 873 610 913 Fumarii
627 873 665 904 de
684 873 871 904 Savarduno
888 874 985 905 dioec.
1005 875 1186 915 Appamiar.
1206 875 1241 905 O.
1260 875 1346 911 ('ist.,
1365 876 1414 905 tit.
1433 885 1456 904 s.
1475 874 1598 904 Priscae
1616 874 1717 914 presb.
1735 874 1831 911 card,
1849 875 1903 905 cfr.
1922 875 2015 911 XXI,
2037 876 2095 913 19),
2114 875 2268 906 Avinione
2285 875 2322 905 el.

256 925 306 957 die
331 927 366 956 16
389 926 464 969 Dec.
491 927 568 956 1334
588 931 620 957 et
642 938 746 957 coron.
771 929 789 956 8
814 927 886 957 Jan.
915 929 1027 966 13:357)
1051 928 1130 958 obiit
1153 929 1307 958 Avinione
1330 929 1369 958 25
1392 928 1466 968 Apr.
1493 928 1580 957 1342.

623 1038 663 1075 S.
693 1038 740 1075 R.
767 1039 813 1075 E.
840 1038 1059 1076 cardinales
1081 1038 1143 1075 die
1168 1038 1215 1075 18
1239 1039 1328 1075 Dec.
1361 1038 1460 1076 1338
1482 1038 1528 1074 ab
1554 1038 1639 1086 ipso
1665 1037 1801 1075 creati:

116 1131 144 1169 1)
170 1131 279 1162 Grotius
301 1129 352 1168 (de
376 1130 518 1161 Arimino
540 1131 580 1162 al.
604 1131 642 1162 de
666 1132 851 1172 Battaglia),
876 1137 956 1172 patr.
981 1133 1222 1173 Constantinop.
1250 1148 1280 1157 z
1307 1133 1357 1163 tit.
1382 1144 1404 1162 s.
1429 1132 1590 1170 Priscaef)
1614 1132 1631 1171 †
1657 1133 1693 1161 10
1717 1132 1804 1162 Junii
1831 1133 1906 1161 1348
1930 1131 2012 1170 (Bal.
2036 1131 2121 1170 810),-

113 1184 145 1223 2)
166 1184 358 1215 Bertrandus
379 1184 416 1215 de
437 1185 557 1215 Deucio
574 1185 704 1223 (Deux),
722 1185 890 1221 Uticensis,
908 1196 976 1225 aep.
995 1185 1195 1216 Ebredunen.
1218 1201 1247 1210 2
1270 1187 1319 1216 tit.
1339 1197 1361 1216 s.
1379 1185 1487 1221 Marci,
1505 1185 1589 1225 vulg.
1609 1184 1924 1223 „Ebredunensis“',⁰)
1950 1189 2060 1225 postea
2083 1186 2174 1223 (1348
2192 1185 2273 1215 Nov.
2291 1186 2322 1224 4)

254 1248 302 1278 ep.
330 1231 489 1274 sabinen'.‚
513 1238 531 1277 †
553 1239 589 1267 21
616 1238 685 1269 oct.
713 1240 789 1268 1355
813 1238 895 1277 (Bal.
919 1239 1004 1277 812).-

113 1291 144 1330 3)
165 1291 276 1322 Petrus
296 1291 424 1326 Rogerii
445 1291 481 1321 Ο.
508 1291 537 1321 S.
563 1291 611 1328 Β,
634 1302 702 1332 aep.
727 1291 960 1332 Rothomagen.
987 1307 1018 1316 ἶ
1045 1293 1094 1322 tit.
1118 1303 1157 1322 ss.
1182 1292 1273 1323 Nerei
1296 1296 1328 1322 et
1350 1291 1532 1330 Achilleim),
1556 1291 1760 1331 postmodum
1783 1291 1925 1322 Clemens
1947 1302 2030 1331 papa
2053 1291 2112 1327 VI;

112 1344 144 1384 4)
169 1344 341 1376 Guilelmus
355 1345 392 1376 de
406 1345 498 1376 curte
514 1344 550 1375 Ο.
567 1345 654 1382 (313ῢ.,
670 1356 779 1386 nepos,
795 1356 842 1386 ep.
860 1345 981 1376 Albien.
997 1360 1028 1370 Σ
1046 1346 1096 1375 tit.
1113 1356 1151 1375 ss.
1173 1345 1213 1375 [V
1229 1345 1430 1384 Coronat.¹¹),
1444 1349 1556 1385 postea
1567 1346 1618 1384 (18
1628 1345 1703 1375 Dec.
1718 1345 1807 1383 1350)
1823 1355 1871 1385 ep.
1888 1344 2067 1381 Tusculan.,
2083 1355 2197 1375 camer.
2214 1355 2237 1375 s.
2254 1344 2323 1375 coll.

256 1399 333 1428 1348
355 1397 431 1429 Maii
453 1400 502 1434 31,
519 1398 631 1435 „Card.
656 1398 780 1435 albus“,
804 1399 822 1437 †
848 1400 882 1428 12
908 1399 995 1429 Junii
1022 1400 1093 1428 1361
1121 1399 1203 1437 (Bal.
1227 1398 1312 1437 816„

112 1451 143 1490 5)
165 1451 344 1482 Bernartius
359 1453 435 1490 (non
451 1451 661 1490 Bertrandus)
676 1453 713 1483 de
727 1453 829 1487 Albia,
845 1463 892 1492 ep.
910 1452 1090 1483 Ruthenen.
1111 1467 1141 1476 ἶ
1160 1452 1210 1482 tit.
1226 1463 1249 1482 s.
1266 1452 1390 1492 Cyriaci
1409 1453 1439 1482 in
1455 1451 1587 1482 thermis
1602 1453 1786 1491 (postquam
1803 1452 1880 1481 1339
1896 1451 1974 1491 Aug.
1991 1452 2008 1480 2
2024 1451 2149 1481 Curiam
2166 1451 2322 1489 intravit),

253 1504 367 1535 deinde
390 1506 482 1544 (1349
507 1506 580 1536 Jan.
607 1507 655 1543 19)
679 1517 727 1546 ep.
752 1506 913 1542 P01·tuen.,
938 1505 1021 1546 vulg.
1046 1505 1315 1542 „Ruthenensis“,
1338 1505 1357 1544 †
1379 1506 1417 1535 23
1440 1505 1522 1535 Nov.
1548 1506 1626 1534 1350
1648 1504 1732 1543 (Bal.
1755 1504 1840 1542 820),-

112 1558 143 1597 6)
165 1558 364 1589 Raimundus
378 1559 533 1590 Montfort
550 1559 586 1589 O.
604 1559 634 1589 b.
652 1559 771 1590 Mariae
787 1559 825 1590 de
842 1570 935 1590 merc.
958 1575 988 1583 Ξ
1010 1560 1059 1589 tit.
1078 1571 1100 1590 s.
1122 1558 1230 1599 Steph.
1249 1560 1279 1589 in
1297 1559 1329 1589 C.
1348 1569 1400 1595 m.,
1418 1559 1437 1597 †
1454 1558 1683 1594 Barchinonae,
1700 1562 1873 1597 antequam
1890 1557 2030 1597 galerum
2047 1557 2178 1587 rubrum
2195 1557 2323 1597 recepit.

253 1611 354 1652 Cujus
376 1612 437 1642 loco
460 1612 540 1642 1339
561 1623 601 1643 m.
624 1613 701 1643 Jcm.
726 1614 807 1651 (ante
828 1613 908 1643 diem
934 1612 981 1651 19)
1004 1623 1089 1643 sacro
1110 1612 1232 1651 colleqio
1253 1617 1429 1651 aqqreqatus
1450 1617 1504 1642 est:

112 1663 143 1703 7)
168 1665 341 1697 Guilelmus
357 1666 394 1697 de
409 1666 508 1701 Aura,
526 1666 711 1703 Tosolanus,
729 1666 830 1696 abbas
847 1677 930 1696 mon.
949 1666 1143 1696 Montisolivi
1162 1665 1197 1696 O.
1219 1665 1248 1696 S.
1268 1666 1304 1696 B.
1327 1681 1357 1690 Ξ
1378 1665 1429 1695 tit.
1448 1676 1471 1695 s.
1492 1664 1645 1704 Stephani
1663 1665 1693 1694 in
1711 1664 1816 1694 Coelio
1833 1667 1951 1700 monte,
1970 1663 2053 1703 vulg.
2074 1662 2323 1700 „Montisolivi“,

253 1719 272 1758 †
294 1720 311 1748 3
335 1719 410 1750 Dec.
438 1721 513 1749 1353
537 1719 621 1758 (Bal.
645 1719 769 1758 822).12)

164 1886 183 1918 ¹)
205 1886 266 1912 Non
287 1887 445 1912 Mothonen.
467 1887 510 1912 vel
530 1887 662 1912 Coronen.

163 1931 184 1962 ²)
206 1931 282 1956 Prior
302 1932 476 1965 provincialis
495 1936 523 1956 et
543 1932 690 1964 inquisitor
709 1931 781 1956 haer.
804 1940 880 1964 prav.

162 1975 184 2007 ³)
204 1975 316 2001 Diutius
335 1976 395 2001 aliis
414 1976 522 2009 collegis
542 1976 616 2009 apud
638 1976 781 2000 Nicolaum
802 1976 963 2008 antipapam
984 1975 1152 2002 remansisse,

91 2019 210 2053 denique
230 2021 257 2045 in
279 2020 455 2046 Germaniam
476 2020 614 2054 aufugisse
636 2020 727 2053 ibique
748 2020 846 2045 obiisse
866 2020 967 2044 dicitur
987 2019 1058 2049 (Bal.
1082 2020 1151 2049 711).

162 2064 183 2096 ⁴)
203 2064 355 2090 Cardinalis
374 2066 431 2090 sive
451 2065 605 2090 ordinarius
624 2065 682 2089 sive
702 2065 849 2089 canonicus
868 2064 931 2089 eccl.
953 2063 1098 2088 Mediolan.

162 2109 183 2140 ⁵)
205 2109 359 2135 Renuntiat
374 2110 418 2135 die
436 2111 467 2135 15
485 2110 559 2142 Sept.
580 2110 646 2134 1329
663 2117 710 2142 per
726 2112 916 2142 procuratores
932 2116 1024 2133 eoram
1042 2108 1152 2133 «Ioanne

92 2152 189 2183 XXII,
208 2162 224 2178 a
243 2162 298 2187 quo
317 2163 351 2179 m.
372 2154 440 2187 Aug.
464 2155 527 2179 1331
549 2154 676 2179 ecclesiae
696 2154 842 2179 Novarien.
864 2153 890 2178 in
909 2153 1069 2185 episcopum
1089 2152 1151 2185 legi-

92 2198 191 2223 timum
218 2198 386 2231 praeficitur,
418 2199 432 2228 †
451 2200 466 2223 5
484 2198 545 2224 Oct.
566 2199 642 2226 1354,
673 2197 741 2223 dum
758 2201 799 2223 est
816 2206 908 2230 aepus.
928 2197 1084 2223 Mediolan..
1117 2196 1151 2221 ad

92 2249 176 2275 quam
196 2243 260 2268 eccl.
285 2244 315 2270 17
337 2243 404 2269 Julii
426 2244 493 2268 1342
514 2243 665 2268 translatus
684 2246 734 2267 est.

168 2287 190 2318 θ)
204 2287 254 2313 Die
266 2288 298 2314 27
312 2288 376 2313 Dec.
393 2288 460 2312 1354
472 2288 566 2312 Innoc.
581 2296 625 2320 pp.
640 2287 678 2311 VI
691 2287 727 2311 ad
740 2295 832 2319 preces
846 2286 995 2318 Angelucii,
1009 2285 1152 2318 quondam

91 2330 215 2357 Fidaneii
226 2331 336 2365 Capocii
349 2332 407 2362 filii,
420 2333 487 2357 civis
500 2331 648 2357 Viterbien.
663 2331 846 2364 (exponentis,
862 2330 1029 2355 Pandulfum
1042 2329 1153 2362 Capoeii

92 2375 180 2408 presb.
203 2376 601 2410 Viterbien.,consanguineum
614 2384 703 2405 suum,
716 2375 823 2400 dudum
836 2383 885 2408 pro
897 2383 937 2404 eo,
951 2374 1025 2407 quod
1037 2383 1053 2398 a
1066 2382 1152 2406 quon·
1205 2376 1206 2397 ζ

735 2420 869 2452 antipapa
884 2420 910 2444 in
925 2418 1153 2444 anticardinalem

91 2419 156 2446 dam
175 2421 257 2446 Petro
272 2421 306 2446 de
320 2421 450 2446 Corbario
465 2421 488 2446 O
503 2421 568 2446 Min.
585 2424 651 2445 tunc
667 2440 672 2445 .
690 2440 695 2445 .
713 2440 718 2444 .

92 2468 251 2498 assumptus
268 2469 328 2491 erat
342 2465 487 2498 eidemque
503 2465 584 2490 Petro
599 2468 628 2490 et
643 2464 784 2489 Ludovico
799 2464 832 2489 de
848 2464 967 2488 Bavaria
982 2462 1152 2491 adhaeserat,

91 2517 266 2535 excommun.
285 2510 431 2535 sententiis
449 2509 614 2535 innodatum
637 2510 730 2541 eisque
751 2508 841 2533 adhuc
866 2509 981 2541 ligatum
1006 2508 1033 2532 in
1058 2507 1153 2532 itinere
1205 2520 1206 2531 1

91 2554 219 2580 veniendi
237 2555 273 2580 ad
287 2554 381 2580 sedem
396 2557 485 2587 apost.
503 2562 552 2587 pro
567 2554 748 2578 absolutionis
765 2553 896 2578 beneficio
912 2551 1062 2577 obtinendo
1077 2551 1153 2584 gravi
1205 2567 1206 2572 .

91 2597 255 2625 infirmitate
276 2599 423 2625 detentum
449 2599 559 2631 petiisse
585 2598 785 2631 presbyterum,
812 2598 855 2622 cui
881 2597 1068 2624 confiteretur,
1096 2595 1152 2624 sed,

91 2643 252 2677 priusquam
272 2645 380 2678 copiam
400 2643 562 2669 confessoris
583 2642 682 2667 habere
703 2643 804 2675 potuit,
825 2641 963 2674 loquelam
983 2641 1105 2665 amisisse
1125 2643 1154 2664 et

90 2687 129 2713 sic
140 2687 303 2714 defunctum
320 2697 387 2718 esse,
403 2688 486 2721 signis
502 2691 595 2712 tamen
610 2687 797 2720 poenitentiae
811 2686 894 2716 datis)
910 2686 1038 2718 episcopo
1054 2685 1151 2709 Senen.

92 2733 217 2763 mandat,
245 2736 286 2764 ut,
310 2734 332 2759 si
356 2736 398 2758 est
419 2733 468 2761 ita,
489 2740 587 2764 corpus
611 2731 682 2756 illius
705 2730 838 2760 defuncti,
862 2730 956 2755 debita
979 2729 1152 2754 absolutione

91 2778 250 2810 praemissa,
275 2778 475 2803 ecclesiasticae
499 2776 657 2809 sepulturae
681 2775 753 2800 tradi
778 2775 870 2800 faciat.
918 2774 971 2799 Cfr.
999 2773 1063 2806 Reg.
1087 2772 1150 2798 Vat.

91 2822 113 2846 t.
133 2822 184 2847 226
202 2822 220 2848 f.
242 2823 291 2849 247
312 2830 354 2855 ep.
375 2822 435 2848 377.

165 2866 186 2898 ⁷)
205 2867 279 2892 Alias
296 2867 329 2892 el.
346 2867 378 2892 16
388 2870 416 2891 et
431 2874 523 2891 coron.
539 2866 572 2890 20
586 2864 650 2889 Dec.
668 2864 742 2889 1334.
757 2878 792 2880 —
804 2863 880 2888 Tunc
895 2862 1026 2895 temporis
1043 2864 1152 2894 praeter

91 2906 183 2943 ipsum
194 2911 221 2936 hi
234 2911 260 2937 S.
274 2911 306 2936 R.
320 2911 351 2936 E.
364 2910 516 2936 cardinales
527 2913 618 2934 erant:
633 2908 799 2934 Gaucelmus
809 2916 851 2940 ep.
865 2907 999 2932 Albanen.
1012 2906 1105 2938 (XXI,
1114 2906 1150 2936 3).

146 2964 271 2983 Hier-archia
284 2964 392 2983 catholica
407 2963 473 2982 medii
487 2962 542 2982 aevi.
559 2963 576 2982 I.

1263 1885 1360 1909 Petrus
1376 1893 1418 1917 ep,
1436 1884 1603 1908 praenestin.
1622 1883 1714 1914 (XXI,
1734 1884 1786 1914 12),
1804 1883 1975 1908 Bertrandus
1991 1891 2033 1916 ep.
2052 1883 2155 1908 Ostien.
2174 1882 2266 1914 (XXI,
2284 1884 2321 1914 4),

1263 1929 1385 1954 ‹loannes
1402 1937 1443 1961 ep.
1463 1929 1591 1953 Portuen.
1610 1928 1701 1958 (XX!,
1721 1929 1772 1958 17),
1792 1927 1944 1952 Guilelmus
1961 1936 2002 1960 ep.
2024 1927 2151 1952 Sabinen.
2171 1927 2248 1958 (XX,
2266 1927 2320 1958 22),

1262 1973 1434 1998 Annibaldus
1445 1981 1486 2005 ep.
1500 1972 1645 1997 Tusculan.
1659 1972 1752 2002 (XXI,
1768 1973 1819 2002 18),
1831 1971 2012 1996 Talairandus
2025 1972 2067 1996 tit.
2081 1980 2100 1996 3.
2116 1971 2189 1996 Petri
2200 1971 2235 1996 ad
2248 1971 2319 1996 vinc.

1262 2018 1354 2047 (XXI.
1372 2018 1426 2048 27),
1445 2016 1617 2041 Raimundus
1634 2017 1676 2041 tit.
1695 2025 1714 2041 s.
1734 2016 1845 2040 Eusebii
1862 2016 1954 2047 (XXI.
1973 2017 2027 2047 21)),
2046 2016 2142 2040 Petrus
2159 2016 2202 2040 tit.
2220 2015 2320 2040 3813-

1262 2062 1345 2095 phani
1360 2062 1387 2086 in
1402 2061 1429 2087 C.
1446 2070 1480 2086 m.
1498 2061 1590 2092 (XXI,
1606 2061 1659 2091 21).
1676 2061 1773 2085 Petrus
1787 2061 1831 2085 tit.
1847 2069 1867 2085 3.
1884 2060 1996 2085 Martini
2012 2061 2038 2084 in
2054 2063 2139 2084 mont.
2157 2060 2249 2090 (XXI,
2265 2060 2319 2090 22),

1264 2107 1359 2131 Petrus
1376 2107 1418 2131 tit.
1438 2115 1457 2130 s.
1476 2105 1623 2131 Clementis
1641 2105 1733 2135 (XXI,
1751 2105 1805 2135 28),
1823 2104 1981 2129 Matthaeus
1999 2105 2041 2129 tit.
2060 2113 2093 2128 33.
2114 2103 2177 2129 Joh.
2196 2107 2224 2128 et
2243 2104 2320 2128 Pauli

1261 2150 1354 2183 (XXI,
1376 2151 1430 2181 23),
1454 2150 1552 2175 Petrus
1574 2150 1616 2174 tit.
1638 2158 1659 2174 s.
1682 2148 1813 2174 Praxedis
1835 2148 1928 2181 (XXI,
1944 2149 1999 2180 24),
2023 2148 2162 2173 Imbertus
2181 2147 2237 2173 bas.
2261 2147 2319 2173 XII

1260 2198 1349 2228 apost.
1367 2194 1459 2225 (XXI,
1476 2195 1529 2225 25),
1546 2194 1684 2226 Neapoleo
1699 2193 1768 2218 diac.
1785 2202 1805 2218 s.
1822 2193 1935 2218 Adriani
1952 2193 2041 2223 (XVI,
2057 2194 2093 2224 5),
2111 2192 2234 2218 <Iacobus
2248 2192 2318 2217 diac.

1261 2248 1280 2264 s.
1300 2239 1407 2272 Georgii
1422 2238 1542 2270 (XVIII,
1558 2239 1594 2269 4),
1610 2238 1698 2262 Lucas
1712 2237 1781 2262 diac.
1798 2246 1818 2262 s.
1834 2237 1936 2262 Mariae
1952 2238 1979 2261 in
1995 2237 2039 2261 via
2055 2237 2111 2261 lata
2127 2236 2247 2267 (XVIII,
2266 2237 2318 2267 13),

1263 2283 1435 2309 Raimundus
1445 2283 1514 2307 diac.
1526 2291 1545 2307 3.
1558 2282 1659 2307 Mariae
1670 2290 1758 2306 novae
1769 2282 1845 2313 (XX,
1859 2283 1910 2313 14),
1923 2281 2092 2306 Bertrandus
2102 2281 2171 2305 diac.
2183 2289 2204 2305 s.
2217 2281 2319 2305 Mariae

1261 2329 1288 2353 iu
1308 2328 1411 2361 Aquiro
1431 2327 1523 2358 (XXI,
1543 2327 1579 2357 6),
1601 2326 1756 2351 Galhardus
1774 2326 1843 2351 diac.
1864 2334 1884 2350 s.
1907 2326 2005 2350 Luciae
2025 2325 2118 2356 (XXI,
2138 2326 2174 2356 7),
2196 2325 2320 2350 Joannes

1261 2373 1330 2397 diac.
1350 2381 1370 2397 s.
1391 2371 1526 2396 Theodori
1546 2371 1638 2401 (XXI,
1657 2371 1694 2401 8),
1714 2370 1852 2395 Arnaldus
1872 2370 1942 2394 diac.
1962 2378 1983 2395 s.
2005 2369 2149 2394 Eustachii
2169 2369 2261 2400 (XXI,
2281 2369 2318 2400 9),

1262 2417 1384 2442 <Ioannes
1403 2416 1472 2441 diac.
1489 2424 1509 2440 3.
1531 2415 1626 2448 Angeli
1646 2414 1738 2445 (XXI,
1759 2415 1811 2445 26).

1331 2461 1352 2491 ⁸)
1374 2460 1512 2491 „Intravit
1526 2459 1635 2484 Curiam
1647 2467 1767 2483 unacum
1780 2459 1862 2483 Petro
1875 2459 1918 2483 tit.
1932 2466 1965 2483 ss.
1980 2458 2061 2483 Nerei
2073 2460 2101 2482 et
2114 2457 2181 2482 Ach.
2197 2459 2233 2488 (v.
2248 2457 2320 2482 infra

1261 2514 1300 2530 nr.
1315 2506 1342 2536 3)
1365 2505 1430 2530 1339
1450 2504 1514 2529 Maii
1534 2503 1578 2528 5.“

1331 2550 1352 2580 ²¹)
1373 2549 1515 2579 „Recessit
1534 2548 1568 2572 de
1586 2547 1666 2573 Curia
1682 2547 1748 2572 1344
1763 2547 1839 2572 Junii
1854 2547 1870 2571 2
1883 2547 1971 2571 iturus
1984 2546 2019 2571 ad
2034 2549 2126 2578 partes
2139 2545 2317 2570 Cathaloniae

1261 2602 1310 2626 pro
1327 2602 1393 2626 pace
1410 2592 1556 2618 tractanda
1572 2592 1643 2616 inter
1659 2599 1733 2624 reges
1750 2591 1830 2623 Arag.
1848 2594 1876 2615 et
1892 2590 1989 2622 Major.
2007 2593 2092 2623 atque
2111 2590 2180 2614 1346
2197 2589 2265 2623 Aug.
2284 2590 2318 2614 26

1260 2638 1295 2663 ad
1308 2641 1399 2671 partes
1411 2637 1485 2670 regni
1499 2636 1604 2661 Siciliae
1615 2639 1703 2668 apost.
1716 2635 1787 2660 sedis
1799 2635 1917 2667 legatus;
1930 2635 2078 2659 revertitur
2091 2634 2158 2659 1348
2170 2634 2240 2659 Nov.
2256 2632 2317 2660 l7.“

1331 2682 1362 2712 ¹⁰)
1383 2681 1435 2707 Cfr.
1458 2683 1513 2705 not.
1536 2680 1570 2705 ad
1590 2680 1686 2709 XXII,
1710 2681 1720 2704 1
1743 2681 1838 2712 (supra
1858 2682 1914 2704 not.
1936 2679 1973 2710 8).

1332 2726 1362 2757 ¹¹)
1384 2725 1526 2755 „Recessit
1542 2724 1575 2749 de
1591 2724 1672 2749 Curia
1690 2724 1756 2748 1342
1770 2723 1830 2749 Oct.
1846 2723 1862 2747 9
1872 2723 1979 2756 legatus
1995 2722 2085 2747 factus
2101 2722 2129 2747 in
2144 2721 2311 2746 Lombardia

1260 2771 1407 2795 revertitur
1428 2769 1494 2794 1343
1515 2768 1574 2793 Oct.
1596 2768 1658 2793 30.“

1331 2814 1362 2845 12)
1384 2814 1426 2838 Ex
1449 2813 1489 2837 his
1512 2814 1525 2838 7
1549 2813 1647 2837 creatis
1668 2820 1700 2836 eo
1713 2815 1837 2844 tempore
1856 2812 1884 2836 in
1907 2811 1988 2836 Curia
2009 2813 2088 2835 erant
2112 2813 2268 2843 praesentes
2290 2810 2316 2835 ii.

1260 2859 1306 2891 qui
1320 2867 1358 2883 nr.
1374 2859 1398 2887 2,
1411 2859 1436 2887 4,
1451 2858 1464 2883 7
1478 2859 1542 2881 sunt
1556 2856 1693 2885 recensiti3
1707 2864 1761 2886 eos,
1775 2856 1823 2888 qui
1836 2864 1875 2880 nr.
1892 2856 1915 2884 1,
1929 2856 1953 2885 3,
1967 2856 1992 2884 5,
2008 2854 2034 2880 S.
2049 2855 2078 2879 P.
2093 2854 2191 2879 litteris
2205 2854 2237 2878 19
2250 2853 2316 2878 Dec.

1262 2903 1328 2928 1338
1351 2902 1423 2927 datis
1446 2901 1480 2926 de
1504 2901 1624 2933 ipsorum
1647 2900 1785 2925 creatione
1808 2900 1936 2924 certiores
1959 2898 2058 2924 reddit.

2102 2947 2121 2978 3
