2482 3178
175 143 240 175 498
1054 136 1283 177 Tridentin„
1309 136 1541 179 Tripolitan.

177 246 226 277 ob.
241 246 320 286 Egn.
336 232 427 284 (1273
440 244 534 274 Mart.
548 244 599 282 25)
631 243 787 274 Henricus
815 241 850 272 O.
879 241 982 277 Teut„
1011 251 1099 281 prov.

175 300 226 331 ob.
244 299 342 330 Henr.
362 299 453 337 (1289
470 308 497 328 a.
516 308 539 327 s.
557 298 599 335 a.)
632 296 792 331 Philippus
818 294 1011 334 (Bonacolsi)
1038 294 1074 325 O.
1100 294 1188 330 Min„
1214 292 1281 334 jam
1305 303 1390 324 cons.
1417 304 1444 324 a.
1471 304 1494 324 s.
1520 304 1548 324 a.

631 349 894 380 Bartholomaeus
920 347 1084 387 (Quirini),
1110 358 1158 388 ep.
1186 346 1356 378 Novarien.

632 403 787 434 Henrieus
817 402 868 441 (de
897 401 1014 439 Metis),
1043 400 1144 431 abbas
1172 399 1477 439 mon.,Villarien.⁷)

631 456 778 487 Nicolaus
807 455 961 495 (Abrein)‚
989 454 1129 485 decanus
1158 453 1353 491 Olomucen.‚
1382 453 1431 490 el.‚
1461 464 1550 495 prov.

635 509 786 541 Geraldus
807 508 858 548 (de
879 508 1044 548 Magnam,
1066 507 1203 538 Manhac
1223 507 1322 538 dioec.
1340 506 1551 546 Caturcen.)⁸)

634 564 774 594 Joannes
799 562 850 601 (de
874 561 1034 600 Pistorio),
1059 561 1198 591 decanus
1222 571 1245 591 s.
1273 560 1358 591 Salv.
1384 560 1551 602 Trajectf’)

632 616 813 648 Meinardus
827 615 866 646 de
881 614 1071 645 Novadomo
1088 614 1276 653 (Neuhaus),
1292 625 1361 645 can.
1377 613 1551 655 Pragen.¹⁰)

632 670 779 701 Albertus
807 669 847 699 de
877 667 1068 709 Ortenburg,
1099 678 1168 698 can.
1200 667 1378 704 Patavien.‚
1409 667 1550 698 subdiac.

635 724 785 758 Georgius
813 722 863 762 (de
889 721 1173 760 Lichtenstein)¹¹),
1200 721 1262 752 obl.
1289 731 1321 752 se

175 357 214 384 tr.
231 353 260 383 b.
276 363 318 383 m.
335 351 415 382 Phil.
431 350 472 381 ad
487 351 587 381 Mant.

174 406 225 437 ob.
245 406 281 436 B.
302 405 394 445 (1307
413 405 488 445 Apr.
507 403 588 443 23)⁶)

174 459 226 491 ob.
243 459 341 490 Henr.
360 459 452 497 (1336
469 457 539 488 Oct.
557 458 588 496 9)

174 513 225 544 ob.
252 512 322 543 Nic.
351 513 412 552 (ex.
440 522 467 542 a.
498 510 587 550 1347)

174 566 224 597 ob.
251 565 383 597 Gerardi
406 565 443 596 el.

174 623 214 651 tr.
244 620 315 651 Joa.
343 618 384 649 ad
412 617 574 658 Spoletan.

174 684 232 704 res.
250 673 346 703 Main.
363 672 400 703 el.
419 671 588 710 (subdiac.)

174 726 225 757 ob.
246 726 316 757 Alb.
337 726 431 764 (1390
450 725 537 765 Sept.
557 725 588 763 9)

174 780 225 811 ob.
244 779 299 810 Ge.
317 780 408 818 (1419
424 778 503 818 Aug.
520 777 599 816 2012)
631 777 811 808 Alexander
833 776 872 806 de
897 775 1050 811 Masovia,
1076 774 1125 811 el„
1151 785 1240 815 prov.

1593 239 1670 270 1273
1701 239 1787 280 Sept.
1817 240 1855 270 29

1593 294 1670 324 1289
1700 293 1779 324 Julii
1806 294 1842 323 31

1594 347 1671 377 1304
1702 346 1775 378 Jan.
1809 347 1846 376 10

1594 400 1673 430 1310
1701 400 1777 430 Maii
1806 401 1845 430 23

1593 454 1672 484 1338
1701 453 1779 484 Julii
1807 454 1824 483 3

1587 507 1671 538 ’1347
1700 507 1776 538 1)00.
1810 508 1844 537 1ο2

1595 561 1672 591 1348
1699 560 1769 591 Oct.
1797 560 1835 591 27

1595 615 1672 644 1349
1699 614 1780 644 Νον.
1807 614 1826 643 4

1596 668 1674 698 1360
1700 667 1779 708 Aug.
1808 668 1843 697 31

1595 721 1674 752 1390
1699 721 1780 751 Nov.
1808 721 1825 751 7

1596 776 1672 805 1423
1701 774 1771 806 Oct.
1798 775 1839 804 20

1889 240 1987 271 Gams
2009 241 2068 272 317

1885 293 1954 325 Nic.
1981 294 2027 325 IV
2051 305 2079 325 a.
2106 296 2124 325 2
2149 306 2197 336 ep.
2224 297 2281 326 351
2310 297 2416 336 (1153)

1886 347 1963 378 Ben.
1991 347 2041 378 XI
2068 359 2117 389 ep.
2145 349 2205 379 204
2232 350 2317 388 (224)

1886 400 1948 432 Cle.
1975 401 2003 431 V
2028 412 2056 432 a.
2083 403 2101 431 5
2126 412 2175 442 ep.
2202 403 2262 433 380
2287 404 2393 442 (5511)

1887 454 1964 485 Ben.
1981 454 2049 485 XII
2066 465 2094 485 a.
2111 455 2130 484 4
2147 456 2183 494 (t.
2204 456 2273 495 126)
2290 466 2338 497 ep.
2359 457 2417 487 192

1886 507 1948 538 Cle.
1975 507 2020 538 VI
2045 519 2073 539 a.
2100 509 2117 538 6
2144 509 2180 548 (t.
2209 510 2278 548 181)
2303 519 2352 550 ep.
2378 509 2419 540 40

1886 561 1948 592 Cle.
1972 561 2016 591 VI
2039 572 2067 592 a.
2090 561 2107 592 7
2131 563 2168 601 (t.
2194 562 2264 601 187)
2286 573 2336 603 ep.
2361 563 2418 594 152

1887 614 1949 645 Cle.
1972 614 2017 645 VI
2040 625 2068 646 a.
2092 616 2110 645 8
2133 616 2169 654 (t.
2195 616 2265 655 192)
2287 626 2336 657 ep.
2361 614 2418 647 147

1888 668 1958 698 Inn.
1988 668 2033 699 VI
2062 668 2122 699 AV.
2153 673 2176 699 t.
2206 670 2245 699 22
2274 668 2296 700 f.
2326 670 2365 700 56

1888 721 1967 752 Bon.
1999 721 2048 752 IX
2078 721 2149 753 Obl.
2180 723 2219 753 48
2248 722 2270 753 f.
2303 723 2362 753 108

1887 775 1981 806 Mart.
1998 775 2026 805 V
2040 775 2127 806 Arm.
2142 775 2222 813 XII,
2240 776 2294 806 121
2312 786 2342 817 p.
2361 776 2418 807 169

838 895 1080 938 Tripolitan.
1106 894 1305 938 (Tripolis)
1328 895 1362 927 in
1388 894 1493 935 Syria,
1517 895 1610 926 suffr.
1635 895 1753 936 Tyren.

178 1007 591 1017 ..........
633 982 827 1013 Grumbaldus
855 981 904 1020 (el.
936 981 1037 1020 1170),
1063 981 1228 1012 Romanus
1593 979 1681 1016 1174,
1707 979 1783 1010 1179

180 1060 591 1070 ..........
632 1036 773 1067 Joannes
801 1036 916 1074 (1184),
944 1035 1121 1066 Aimericus
1594 1033 1671 1063 1186
1950 1033 2048 1065 Gams
2077 1034 2151 1071 434;
2183 1034 2274 1075 Syria
2302 1045 2392 1067 sacra

180 1114 592 1124 ..........
630 1089 740 1121 Petrus
765 1088 804 1119 de
830 1087 1024 1129 Engolisrna,
1051 1087 1179 1118 cancell.
1206 1087 1294 1128 regni
1318 1087 1442 1118 Hieros.
1594 1087 1682 1123 1192,
1708 1087 1785 1116 1194

178 1167 592 1177 ..........
630 1143 695 1174 Lao
717 1142 946 1181 (Laurentius),
969 1141 1005 1172 el.
1029 1141 1230 1182 Apameen.¹)
1594 1140 1672 1170 1198
1700 1139 1776 1171 Dec.
1807 1141 1842 1170 31
1887 1140 1958 1171 Inn.
1984 1140 2036 1171 III
2061 1140 2109 1172 ed.
2135 1141 2289 1172 Potthast
2311 1142 2369 1173 511

179 1221 592 1231 ..........
634 1196 803 1227 Gaufritlus
829 1196 944 1234 (1204),
970 1194 1152 1233 Robern1s2)
1595 1193 1682 1230 1217,
1709 1194 1786 1224 1228
1890 1194 1981 1234 Syria
2003 1205 2093 1225 sacra

181 1274 593 1284 ..........
630 1250 787 1284 Albertus,
815 1259 884 1279 can.
914 1248 1115 1286 Antiochen„
1144 1247 1209 1287 el.³)
1595 1248 1674 1277 1243
1893 1272 1899 1278 .
1944 1272 1950 1278 .
1995 1272 2002 1278 .
2047 1273 2053 1279 .
2098 1273 2104 1279 .
2149 1273 2156 1279 .
2200 1272 2206 1279 .
2250 1273 2257 1279 .
2301 1273 2308 1280 .
2351 1273 2359 1280 .
2403 1273 2410 1280 .

175 1306 225 1337 ob.
251 1305 399 1345 (Alberti)

174 1364 214 1390 tr.
244 1359 335 1399 Greg.
363 1358 404 1389 ad
431 1357 574 1398 Aquileg.
634 1357 741 1392 opizo,
771 1356 861 1387 sedet

182 1435 594 1444 ..........
632 1410 750 1441 Paulus
773 1409 822 1449 (O.
847 1409 976 1448 Min.)4),

176 1466 227 1498 ob.
254 1465 344 1496 Pauli
371 1467 411 1504 (a.
438 1475 462 1495 s.
489 1465 531 1503 a.)

175 1524 215 1551 tr.
237 1520 303 1551 Cin.
326 1519 362 1549 el.
385 1518 426 1549 ad
446 1518 588 1558 Capuan.

176 1574 226 1605 ob.
251 1573 356 1604 ultimi
378 1572 438 1613 epi.

1011 1409 1101 1440 sedet

635 1731 783 1758 Tridentini.

248 1779 269 1810 ⁶)
290 1778 350 1803 Hac
378 1777 521 1802 occasione
548 1775 602 1801 Cle.
632 1775 656 1801 V
683 1775 834 1800 reservavit
863 1774 915 1800 sibi
943 1774 1129 1808 provisionem
1156 1774 1242 1808 ipsius

175 1823 239 1850 eccl.
262 1824 296 1855 (a.
320 1823 335 1847 2
356 1830 398 1856 ep.
421 1822 455 1846 44
475 1821 509 1846 de
530 1828 585 1845 cur.
607 1820 649 1846 ed.
673 1820 749 1845 Mon.
775 1820 839 1845 Beni.
863 1820 952 1851 2299).

248 1868 269 1900 ⁷)
290 1865 565 1899 (Weiler-Bettnach)
590 1865 621 1891 Ο,
647 1865 712 1891 Cist.
738 1864 823 1890 dioec.
850 1865 951 1891 Meten.

248 1912 270 1944 Β)
290 1911 384 1937 Adiac.
408 1911 442 1937 de
464 1910 596 1936 Bautesio
618 1910 646 1935 in
667 1909 731 1935 0001.
754 1909 956 1940 Constantien.‚
978 1909 1020 1934 lic.
1044 1909 1072 1934 in
1093 1911 1147 1934 utr.
1171 1908 1241 1941 jure,

174 1957 269 1992 capell.
292 1957 318 1982 S.
340 1957 369 1982 P.

248 2001 269 2033 ⁹)
289 2001 389 2035 Capell.
413 2000 438 2026 S.
459 2001 500 2031 P„
519 2000 571 2034 ipsi
590 1999 675 2025 famil.
695 2006 786 2032 exper.
808 2002 898 2025 notus.

247 2046 280 2078 ¹⁰)
300 2046 334 2071 In
351 2046 416 2071 min.
435 2047 522 2071 const.
558 2044 599 2069 Eo
616 2044 816 2078 possessionem
834 2044 973 2078 regiminis
990 2046 1018 2070 et
1035 2042 1137 2068 admin.
1156 2042 1243 2075 ipsius

175 2091 239 2117 eccl.
260 2093 374 2125 propter
391 2098 553 2124 guerrarum
571 2089 731 2114 discrimina
749 2091 778 2115 et
797 2089 956 2114 inimicitias
975 2087 1108 2122 capitales
1127 2086 1243 2120 adipisci

174 2144 232 2161 non
247 2135 359 2161 valente
374 2134 436 2160 Inn.
453 2135 493 2161 VI
510 2134 573 2166 (Av.
590 2137 610 2159 t.
630 2135 662 2160 18
677 2133 696 2158 f.
713 2133 777 2164 335)
795 2134 862 2159 1358
878 2133 945 2167 Apr.
964 2134 995 2160 17
1012 2131 1148 2166 Ortolpho
1163 2139 1241 2165 aepo.

178 2180 283 2206 Salzeb.
306 2188 338 2204 ae
360 2179 447 2204 Paulo
468 2188 528 2213 epo.
554 2178 671 2204 Gurcen.
694 2181 723 2203 et
746 2178 850 2204 Joanni
872 2178 935 2203 abb.
959 2186 1033 2203 mon.
1057 2185 1076 2202 s.
1101 2176 1244 2202 Lamberti

176 2225 262 2250 dioec.
282 2224 352 2250 Salz.
370 2223 495 2254 mandat,
512 2227 545 2249 ut
560 2224 705 2249 civitatem
721 2231 752 2248 ae
769 2223 863 2248 omnia
879 2222 983 2257 oppida
998 2226 1050 2248 etc.
1068 2221 1103 2247 ad
1120 2229 1243 2247 mensem

175 2269 290 2303 epalem.
318 2268 392 2295 Trid.
418 2269 583 2302 spectantia,
613 2276 684 2301 quae
708 2267 771 2293 nob.
798 2268 841 2293 vir
863 2267 1022 2293 Ludovicus
1055 2266 1090 2292 de
1123 2265 1244 2291 Bavaria

175 2314 223 2340 diu
238 2313 360 2339 detinuit
375 2316 404 2339 et
419 2313 510 2338 adhuc
526 2316 604 2338 tenet
619 2315 765 2345 occupata,
781 2312 829 2338 sed
844 2312 880 2338 ad
896 2320 942 2338 cor
957 2319 1083 2337 reversus
1098 2311 1244 2336 restituere

175 2359 246 2389 vult,
273 2358 416 2391 recipiant,
442 2360 566 2388 teneant,
592 2357 760 2383 custodiant.

247 2402 280 2434 ¹²)
301 2403 339 2428 Et
359 2411 448 2428 revoc.
472 2402 567 2428 transl.
590 2402 625 2427 de
646 2410 763 2435 persona
784 2402 937 2429 ΗΘΛ-1111111111
959 2401 1011 2437 epi.
1034 2400 1185 2433 Frisingen.
1208 2399 1244 2425 ad

175 2447 250 2473 Trid.
265 2447 332 2472 1420
342 2447 424 2472 Mart.
437 2447 470 2472 29
482 2446 568 2479 (Arm.
581 2446 649 2476 XII,
663 2446 710 2471 121
723 2454 748 2479 p.
763 2446 824 2477 130)
835 2446 927 2472 factae
937 2449 1023 2480 atque
1033 2445 1119 2471 absol.
1132 2445 1244 2472 Hem-ici

176 2491 286 2517 Fleckel
296 2491 394 2516 decani
404 2491 560 2522 Patavien.‚
580 2491 652 2517 decr.
664 2491 749 2521 doct„
770 2490 865 2524 capefl.
880 2491 906 2517 S.
919 2491 948 2516 P.
961 2493 990 2517 et
1000 2498 1073 2516 cauS.
1086 2490 1139 2524 pal.
1152 2491 1242 2523 apost.

179 2536 278 2566 audit„
298 2536 365 2561 1422
382 2535 465 2561 Mart.
484 2536 500 2560 2
519 2536 554 2568 (a.
573 2537 590 2561 5
607 2535 668 2561 Lat.
688 2538 708 2561 t.
728 2535 777 2561 221
796 2535 814 2560 f.
836 2536 897 2567 123)
914 2536 943 2561 in
960 2543 1052 2569 epum.
1071 2535 1145 2561 Trid.
1164 2543 1242 2568 prov.

250 2580 282 2612 ¹¹)
303 2580 431 2613 Praepos.
446 2580 511 2605 eccl.
527 2581 653 2605 omnium
666 2582 754 2605 sanct.
770 2580 928 2610 Wiennen.;
942 2580 990 2605 cfr.
1006 2580 1067 2605 Lat.
1083 2582 1103 2605 t.
1121 2581 1133 2605 1
1149 2578 1167 2605 f.
1183 2580 1242 2605 226.

630 2625 788 2655 Tripolitan.

248 2669 270 2701 ¹)
290 2669 415 2695 Pn'mum
432 2677 581 2703 suspensus
598 2677 639 2699 eo,
658 2669 733 2702 quod
750 2678 766 2694 a
784 2672 855 2702 patr.
875 2669 1039 2695 Antiochen.
1058 2669 1116 2694 sine
1134 2668 1245 2694 licentia

177 2716 267 2748 apost.
284 2713 357 2740 sedis
373 2717 433 2739 erat
449 2713 601 2739 translatus
626 2713 686 2746 (cfr.
704 2714 758 2739 litt.
776 2713 838 2739 Inn.
856 2714 902 2739 III
918 2713 960 2739 ed.
980 2713 1101 2739 Potthast
1117 2714 1150 2739 52
1166 2716 1195 2739 et
1211 2713 1245 2739 53

175 2759 204 2785 d.
229 2758 256 2784 d.
284 2758 352 2784 1198
375 2758 457 2783 Mart.
485 2759 538 2790 17),
562 2758 663 2784 deinde
687 2758 723 2784 ad
747 2759 810 2784 inst.
836 2758 956 2784 Conradi
980 2758 1026 2790 (de
1049 2757 1245 2789 Wittelsbach)

175 2803 248 2837 aepi.
271 2803 426 2837 Maguntin.
450 2804 478 2827 et
500 2802 551 2836 epi.
578 2802 706 2829 Sabinen.
730 2803 864 2836 provisus.

220 2846 224 2850 ’
249 2847 270 2879 ²)
290 2847 416 2874 Consecr.
441 2846 477 2872 ab
499 2846 573 2872 Hon.
597 2847 643 2872 ΙΙΙ
665 2855 689 2872 a.
714 2850 790 2881 pont.
815 2848 830 2872 2
853 2846 910 2879 (lib.
934 2847 964 2873 Π
986 2847 1005 2873 f.
1030 2848 1099 2879 176).

249 2892 271 2924 ³)
293 2891 382 2926 Super
390 2891 442 2917 hae
452 2891 530 2917 elect.
541 2891 643 2925 inquiri
652 2891 734 2924 jussit
744 2892 805 2917 Inn.
817 2892 857 2918 IV
868 2893 903 2924 (a.
917 2893 928 2917 l
940 2900 982 2925 ep.
995 2892 1057 2924 188)
1069 2891 1136 2917 1243
1146 2891 1208 2917 Oct.
1220 2892 1244 2917 8.

249 2936 272 2969 ⁴)
291 2936 333 2962 De
356 2935 506 2962 comitibus
530 2935 647 2969 Signiae,
671 2936 750 2961 Pauli
772 2936 911 2970 Anagnini
933 2936 1103 2970 proconsulis
1126 2935 1247 2961 Romani

634 1304 801 1338 Gregorius
827 1302 866 1333 de
893 1302 1108 1343 Montelongo,
1135 1302 1202 1343 jam
1229 1312 1318 1342 prov.

633 1464 775 1495 cinthius
802 1463 841 1494 de
869 1463 967 1493 Pinea
994 1462 1034 1493 de
1062 1462 1159 1499 Urbe,
1188 1473 1257 1492 can.
1286 1461 1481 1492 Lincolnien.

632 1518 822 1552 Bernartius,
851 1516 951 1547 abbas
980 1527 1065 1547 mon.
1095 1515 1214 1546 Montis
1242 1515 1318 1556 maj.
1350 1515 1386 1547 O.
1419 1515 1449 1546 S.
1480 1514 1544 1554 B.⁵)

633 1571 801 1606 Bontatus,
834 1569 1010 1600 monachus
1040 1580 1125 1600 mon.
1158 1568 1347 1610 Claricampi
1379 1568 1415 1600 Ο.
1448 1568 1554 1607 Cist.⁶)

1595 1301 1672 1331 1249
1700 1300 1791 1331 Febr.
1822 1301 1858 1330 19
1889 1300 1960 1331 Inn.
1988 1300 2035 1332 IV
2060 1312 2088 1332 a.
2117 1302 2135 1331 6
2161 1312 2210 1342 ep.
2238 1301 2308 1339 372,
2335 1301 2397 1333 375

1596 1355 1673 1384 1254
1700 1354 1779 1395 Aug.
1808 1355 1825 1383 6
1889 1354 1960 1385 Inn.
1985 1354 2031 1385 IV
2053 1365 2081 1385 a.
2109 1356 2145 1385 12
2169 1356 2205 1394 (t.
2229 1356 2282 1394 23)
2305 1366 2354 1397 ep.
2378 1356 2418 1387 93

1596 1408 1671 1438 1261
1701 1407 1772 1438 Oct.
1803 1408 1836 1437 11
1889 1408 1966 1439 Urb.
1997 1407 2043 1438 IV
2070 1419 2098 1439 a.
2130 1409 2143 1438 1
2175 1409 2212 1448 (t.
2241 1409 2293 1448 26)
2322 1419 2371 1450 ep.
2400 1409 2420 1440 8

1597 1462 1674 1491 1285
1703 1461 1779 1491 Dec.
1812 1462 1848 1491 18
1889 1461 1974 1492 Hon.
2002 1461 2047 1492 IV
2072 1472 2100 1492 a.
2130 1463 2143 1492 1
2171 1472 2220 1503 ep.
2247 1461 2306 1493 227
2333 1463 2418 1502 (231)

1597 1515 1674 1545 1286
1705 1514 1794 1546 Junii
1821 1515 1861 1545 20
1890 1515 1974 1546 Hon.
2001 1514 2047 1546 IV
2072 1526 2100 1546 a.
2126 1516 2144 1545 2
2170 1526 2219 1556 ep.
2245 1516 2285 1546 48
2310 1516 2395 1556 (544)

1598 1569 1676 1599 1345
1705 1567 1783 1599 Julii
1810 1569 1828 1598 3
1890 1568 1952 1599 ele.
1980 1568 2026 1599 VI
2053 1579 2082 1599 a.
2110 1569 2130 1598 4
2157 1569 2194 1608 (t.
2225 1569 2295 1609 169)
2322 1579 2372 1611 ep.
2400 1568 2419 1600 7

1346 1728 1421 1754 filius
1441 1748 1448 1759 ‚
1470 1728 1616 1762 „proxima
1636 1728 1878 1762 consanguinitate
1898 1728 2065 1762 conjunctus
2085 1736 2151 1754 eum
2170 1728 2288 1755 Nicolao
2307 1728 2367 1755 filio
2388 1728 2418 1756 J.

1346 1773 1381 1799 de
1399 1773 1466 1799 Polo
1484 1773 1593 1798 comitis
1610 1773 1662 1798 viri
1680 1773 1795 1805 (mariti)
1816 1773 1982 1799 Sarracenae
1999 1773 2100 1799 sororis
2117 1781 2163 1807 qu.
2183 1772 2304 1799 Joannis
2322 1773 2418 1800 Frein-

1347 1817 1455 1851 panis‚“
1467 1818 1512 1843 cui
1523 1818 1559 1843 ad
1571 1817 1635 1843 0001.
1649 1826 1729 1843 suam
1741 1818 1922 1851 personaliter
1933 1826 1962 1844 se
1973 1817 2098 1843 conferre
2109 1817 2282 1844 desideranti
2293 1817 2363 1844 Urb.
2377 1818 2419 1846 IV

1348 1863 1383 1894 (a.
1399 1863 1415 1888 2
1429 1865 1448 1888 t.
1464 1863 1498 1888 26
1511 1871 1553 1896 ep.
1571 1863 1632 1893 155)
1648 1863 1716 1888 1263
1729 1862 1796 1888 Maii
1809 1863 1843 1888 26
1856 1862 1981 1893 indulsit,
1995 1865 2028 1888 ut
2041 1862 2250 1894 B(oemundum
2263 1862 2419 1897 prinoipem

1347 1907 1511 1934 Antiochen.
1523 1908 1563 1939 et)
1573 1907 1704 1932 comitem
1714 1907 1890 1941 Tripolitan„
1900 1910 2033 1941 nepotem
2042 1915 2134 1938 suum,
2144 1907 2180 1933 ab
2190 1915 2250 1941 epo.
2263 1907 2418 1934 Bethleem.

1346 1956 1375 1979 et
1394 1955 1483 1986 apost.
1505 1952 1577 1978 sedis
1596 1951 1688 1985 legato
1707 1953 1992 1983 excommunicatum,
2013 1951 2061 1978 lite
2080 1951 2219 1986 pendente
2238 1960 2419 1986 nequaquam

1348 1998 1439 2023 vitare
1456 1997 1583 2027 deberet;
1611 2005 1628 2022 a
1646 2005 1702 2030 quo
1730 1997 1824 2023 Boem.
1854 1999 1951 2030 postea
1981 1997 2064 2029 (circa
2081 2005 2106 2022 a.
2127 1996 2207 2028 1275)
2233 1995 2269 2022 de
2285 1996 2351 2023 sede
2367 2005 2419 2023 sus.

1347 2042 1454 2075 ejectus
1467 2044 1510 2067 est
1523 2041 1582 2074 (cfr.
1597 2041 1713 2072 litteras,
1727 2050 1798 2075 quas
1810 2041 1862 2067 hac
1875 2041 1909 2067 de
1922 2050 2007 2067 causa
2020 2041 2080 2067 Nic.
2095 2041 2142 2067 ΙΙΙ
2155 2049 2179 2067 a.
2195 2041 2211 2067 2
2224 2042 2244 2067 t.
2260 2041 2295 2067 39
2307 2049 2350 2076 ep.
2367 2041 2420 2068 112

1345 2087 1390 2112 die
1411 2087 1423 2112 l
1446 2086 1525 2113 Junii
1546 2086 1614 2113 1279
1633 2085 1669 2111 ad
1689 2086 1784 2112 Boem.
1805 2086 1936 2120 scripsit).
1980 2085 2041 2117 Quo
2060 2085 2137 2111 facto
2155 2085 2193 2112 ad
2211 2085 2306 2111 sedem
2325 2088 2418 2120 apost.

1345 2139 1375 2158 se
1395 2131 1517 2157 contulit
1537 2131 1631 2164 ibique
1652 2131 1816 2157 morabatur
1836 2139 1924 2165 usque
1945 2130 1982 2156 ad
2002 2131 2078 2156 vitae
2099 2138 2165 2156 suae
2185 2130 2283 2162 finem,
2305 2130 2419 2158 interim

1346 2185 1363 2202 a
1382 2176 1503 2202 Summis
1520 2176 1601 2201 Pont.
1621 2175 1657 2201 ad
1675 2175 1764 2201 multa
1781 2178 1810 2201 et
1825 2176 1922 2210 gravia
1938 2176 2051 2209 negotia
2068 2175 2235 2206 destinatus,
2252 2175 2418 2209 praesertim

1346 2222 1375 2247 in
1394 2221 1509 2247 coneilio
1529 2220 1691 2254 Lugdunen.
1713 2223 1742 2246 et
1761 2221 1790 2246 in
1809 2220 1891 2246 rebus
1910 2220 2059 2254 imperium
2078 2218 2269 2254 tangentibus,
2289 2219 2327 2246 ob
2347 2228 2420 2254 quas

1346 2275 1371 2292 a.
1387 2266 1456 2293 1279
1468 2266 1584 2291 nuntius
1595 2265 1632 2291 ad
1645 2265 1800 2291 Rudolfum
1812 2273 1904 2299 regem
1916 2265 1998 2290 Rom.
2013 2264 2188 2290 mittebatur.
2212 2263 2267 2291 cfr.
2281 2263 2364 2291 Mart.
2377 2264 2419 2292 IV

1347 2320 1371 2337 a.
1393 2312 1418 2336 4.
1443 2313 1474 2341 (t.
1498 2311 1544 2341 41)
1567 2318 1609 2343 ep.
1633 2310 1675 2336 64.

1418 2355 1439 2387 ⁵)
1460 2355 1553 2380 Dioec.
1573 2354 1712 2380 Arelaten.
1751 2354 1818 2381 Jam
1836 2362 1956 2380 consecr.
1978 2354 2046 2380 1286
2064 2354 2136 2380 Nov.
2156 2353 2191 2380 26
2209 2353 2237 2386 (1.
2257 2361 2280 2380 0.
2302 2362 2346 2388 ep.
2368 2354 2419 2382 177

1347 2401 1390 2426 ed.
1411 2400 1485 2425 Prou
1503 2400 1576 2431 674),
1594 2399 1639 2424 cui
1656 2408 1673 2425 a
1691 2399 1751 2425 Nic.
1770 2399 1811 2425 IV
1828 2408 1852 2425 a.
1874 2399 1942 2424 1288
1960 2398 2026 2432 Apr.
2046 2399 2063 2424 4
2080 2398 2198 2424 rectoria
2217 2397 2420 2425 Romandiolae

1346 2448 1375 2471 et
1391 2445 1459 2471 1289
1475 2444 1550 2477 Sept.
1570 2445 1581 2469 1
1598 2444 1768 2477 praedicatio
1782 2444 1870 2469 crucis
1884 2444 1912 2469 in
1929 2443 2076 2470 Sclavenia
2089 2445 2119 2468 et
2134 2442 2267 2468 marchiis
2280 2442 2418 2470 Tei-visin.

1347 2493 1433 2523 atque
1452 2489 1557 2515 Ancon.
1578 2497 1687 2514 necnon
1705 2489 1733 2513 in
1752 2488 1954 2514 Romandiolae
1972 2488 2081 2522 ripariis
2098 2495 2131 2513 sc
2151 2487 2217 2513 1291
2239 2487 2315 2521 Sept.
2335 2488 2352 2514 5
2370 2486 2419 2513 ad-

1347 2534 1515 2560 ministratio
1532 2533 1596 2559 eecl.
1615 2534 1813 2567 Famagustan.
1833 2541 1881 2566 per
1898 2532 1942 2558 ob.
1960 2532 2099 2558 Matthaei
2116 2532 2169 2566 epi.
2188 2540 2249 2558 vac.
2268 2531 2420 2558 commissa.

1347 2582 1390 2605 est
1405 2579 1464 2611 (cfr.
1481 2579 1548 2612 Reg.
1565 2578 1624 2605 Nic.
1641 2578 1680 2604 IV
1694 2577 1737 2604 ed.
1754 2577 1881 2610 Lanqlois
1895 2585 1935 2603 nr.
1951 2578 2030 2608 5968,
2045 2577 2124 2607 6966,
2139 2576 2234 2608 7289);
2259 2576 2330 2602 Bon.
2345 2575 2419 2603 VIII

1347 2626 1445 2650 autem
1465 2624 1500 2655 (a.
1524 2624 1536 2648 1
1558 2631 1600 2656 ep.
1623 2623 1686 2654 608)
1709 2623 1776 2648 1295
1796 2622 1862 2648 Dec.
1886 2622 1919 2647 14
1937 2622 1963 2647 ei
1981 2621 2056 2647 exuli
2075 2623 2189 2655 propter
2207 2620 2382 2647 destructam
2402 2629 2420 2647 a

1350 2668 1509 2695 Sarracenis
1521 2668 1666 2693 civitatem
1678 2666 1781 2701 Tripol.
1795 2666 1996 2692 monasterium
2008 2666 2134 2692 Casinen.
2148 2665 2227 2691 dedit
2237 2665 2267 2691 in
2279 2673 2418 2691 commen-

1347 2713 1422 2739 dam.
1471 2712 1582 2746 Reliqui
1605 2712 1653 2746 qui
1676 2714 1832 2745 sequuntur
1854 2711 1907 2745 epi.
1932 2710 2034 2744 Tripol.
2058 2710 2169 2736 nonnisi
2191 2709 2319 2736 titulares
2342 2711 2417 2736 sunt.

1350 2757 1510 2784 Secundum
1530 2757 1612 2782 Gams
1634 2765 1658 2782 a.
1684 2756 1752 2782 1322
1774 2755 1846 2782 Vido
1868 2755 2007 2781 Albaisius
2029 2754 2163 2787 (Abisius)
2185 2763 2228 2788 ep.
2251 2753 2416 2788 Tripolitan.

1349 2802 1385 2828 ad
1400 2802 1594 2828 Ravennaten.
1610 2801 1764 2827 translatus
1777 2803 1833 2831 est;
1848 2800 1896 2826 sed
1910 2800 1955 2826 ille
1971 2799 2062 2826 Guido
2078 2799 2228 2831 (Roberti),
2244 2799 2294 2832 qui
2307 2807 2332 2825 a.
2350 2798 2419 2825 1322

1349 2849 1495 2881 promotus
1512 2849 1555 2872 est
1573 2846 1602 2871 in
1619 2853 1729 2879 aepum.
1750 2845 1889 2875 Ravenn.,
1907 2847 1992 2870 antea
2010 2846 2070 2869 erat
2088 2852 2130 2877 ep.
2151 2843 2259 2877 Regin„
2278 2850 2420 2869 successor

1352 2891 1488 2918 Guidom's
1507 2892 1535 2923 (a
1554 2890 1670 2924 Baysio)
1690 2899 1714 2916 a.
1738 2890 1805 2916 1312
1825 2898 1841 2914 a
1861 2889 1958 2923 Regin.
1979 2888 2015 2914 ad
2034 2888 2185 2914 Ariminen.
2206 2887 2343 2914 translati.

1424 2935 1445 2968 ⁶)
1465 2935 1558 2961 Dioec.
1579 2935 1734 2968 Trajecten.
