2482 3178
159 148 198 179 42
261 146 494 182 cardinales
522 146 747 190 presbyteri
769 146 826 180 tit.
853 155 881 180 s.
907 145 1072 189 Cyriaci,
1101 155 1129 180 6.
1154 145 1327 184 Eusebii,
1353 154 1403 180 ss.
1427 145 1594 180 Joa-nnis
1619 149 1660 181 et
1683 147 1805 187 Pauli,
1829 156 1858 181 s.
1883 148 2089 184 Laurentii
2110 150 2154 184 in
2176 150 2288 186 Dam.

152 250 403 292 Christophorus
423 250 461 281 de
482 250 676 287 Maronibus,
699 261 747 291 ep.
770 250 921 280 Isernien.
944 249 1117 288 (XXVIII,
1140 250 1182 287 4),
1206 259 1305 289 prom.
1330 250 1407 279 1389
1430 249 1505 280 Dec.
1530 251 1576 286 18,
1599 249 1679 281 obiit
1702 251 1779 281 1404
1800 251 1876 282 Dec.
1898 253 1927 283 4.

159 303 301 335 Joannes
321 303 360 335 de
381 303 583 340 Placentinis,
605 303 681 334 olim
701 314 749 344 ep.
772 303 940 334 Castellan.
963 303 1086 341 (XXX,
1108 303 1171 341 22),
1194 313 1293 342 prom.
1318 303 1395 332 1385
1418 302 1497 334 Julii
1519 304 1566 340 12,
1587 303 1668 334 obiit
1690 305 1767 334 1404
1788 304 1864 336 Maii
1883 305 1940 344 9.²)

156 357 341 389 Matthaeus
362 357 400 388 de
422 358 583 394 cracovia,
605 368 654 397 ep.
677 357 883 387 Wormatien.
907 356 1066 395 (XXXII,
1091 356 1151 394 10),
1174 366 1274 396 prom.
1299 356 1377 386 1408
1400 355 1487 396 Sept.
1512 358 1559 393 19,
1581 356 1662 388 obiit
1684 358 1763 388 1410
1783 358 1877 389 Mart.
1899 360 1927 390 5.

154 411 299 442 Joannes
319 410 358 442 de
381 411 496 447 Bucca,
517 421 565 451 ep.
588 410 771 441 Olomucen.
793 410 945 450 (XXXV,
966 411 1008 448 4),
1033 420 1130 450 prom.
1155 410 1231 439 1426
1251 409 1396 447 Maii24,
1417 409 1498 441 obiit
1519 411 1597 440 1430
1617 410 1688 442 Oct.
1709 411 1765 450 9.³)

1084 467 1117 529 Ὗς,
1143 490 1172 521 6.
1208 489 1413 521 Eusebii.

156 562 306 593 Nicolaus
326 562 364 593 de
384 562 584 592 Francavilla
604 562 642 601 (F
644 561 809 600 reauvilla)
831 561 866 592 O.
888 561 1000 592 Praed.
1022 561 1111 600 (XX,
1133 561 1174 599 6),
1197 571 1296 601 prom.
1320 561 1397 591 1305
1417 561 1493 592 Dec.
1516 562 1563 598 15,
1584 561 1665 592 obiit
1686 563 1763 593 1323
1785 563 1859 595 Jan.
1882 565 1918 594 15

155 615 358 646 Raimundus
378 615 417 647 de
438 615 645 656 MostuejoliS,
667 626 715 656 ep.
738 626 761 645 6.
784 614 898 656 Papuli
918 614 1025 653 (XXI,
1047 615 1110 653 20),
1133 625 1233 655 prom.
1258 614 1334 645 1327
1357 614 1432 645 Dec.
1457 614 1531 653 18¹),
1552 614 1634 646 obiit
1656 617 1733 646 1335
1754 616 1837 648 Nov.
1861 619 1908 648 12.

154 668 341 710 *Stephanus
361 669 401 700 de
422 669 542 709 Poissy,
565 679 612 709 ep.
636 669 786 699 Parisien.
809 668 927 707 (XXV,
952 669 1012 707 10),
1035 678 1135 708 prom.
1160 669 1238 698 1368
1261 667 1348 708 Sept.
1370 669 1420 705 22,
1442 668 1523 699 obiit
1545 668 1623 699 1373
1644 669 1715 700 Oct.
1739 669 1786 701 17.

154 722 333 754 Guilelmus
357 722 575 759 Sanseverino,
598 733 666 763 aep.
692 722 810 752 Salern.
834 721 989 761 (XXVII,
1015 722 1075 760 18),
1099 732 1199 762 prom.
1224 721 1302 752 1378
1325 721 1413 762 Sept.
1438 722 1512 761 18²),
1535 722 1616 753 obiit
1639 722 1717 753 1378
1738 727 1814 754 ante
1835 724 1917 755 Nov.
1940 726 1990 756 24.

153 775 341 807 Franciscus
360 776 532 813 Moricotti,
552 787 620 816 aep.
642 776 747 806 Pisan.
769 775 924 814 (XXVII,
944 776 986 814 3),
1008 774 1134 806 obtinet
1154 775 1238 806 1111116
1258 775 1308 806 tit.
1330 775 1426 816 paulo
1446 779 1519 815 post
1537 777 1577 806 24
1596 775 1679 807 Nov.
1702 777 1790 814 1378,
1811 777 1865 809 trs.
1886 777 1927 808 ad
1946 778 2143 811 Praenestin.

155 829 330 860 Aimericus
348 829 387 860 de
406 829 572 866 Manhaco,
592 840 640 870 ep.
661 829 812 860 Parisien.
833 829 957 869 (XXX,
978 830 1039 867 11),
1060 839 1160 869 prom.
1183 830 1260 859 1383
1280 829 1355 859 Dec.
1375 830 1425 866 23,
1445 828 1526 860 obiit
1546 830 1623 860 1385
1642 829 1736 861 Mart.
1757 831 1806 861 21.

154 882 347 922 Ame1i<n)us
366 883 405 914 de
425 883 585 919 Lautrico,
607 893 655 923 ep.
679 880 854 914 Convenar.
877 882 1000 922 (XXX,
1022 883 1085 921 23),
1108 893 1208 923 prom.
1234 883 1311 912 1385
1333 882 1413 913 Julii
1435 884 1482 919 12,
1504 882 1585 914 obiit
1607 884 1686 914 1390
1708 884 1798 915 Junii
1818 884 1847 915 7.

156 935 355 967 Alamannus
375 936 566 973 Adimarius,
587 947 655 977 aep.
677 936 781 967 Pisan.
803 935 974 975 (XXXIV,
995 937 1037 975 3),
1059 946 1159 976 prom.
1183 937 1258 966 1411
1282 936 1372 967 Junii
1391 937 1419 973 6,
1440 936 1521 967 obiit
1542 938 1619 967 1422
1642 936 1728 978 Sept.
1751 937 1799 969 17.

153 988 312 1020 Henricus
331 989 370 1020 de
391 989 554 1027 Beaufort,
576 1000 624 1030 ep.
647 989 787 1020 Winton.
810 989 963 1029 (XXXV,
984 991 1027 1028 3),
1049 1000 1149 1030 prom.
1174 990 1251 1020 1426
1271 989 1347 1020 Maii
1367 991 1416 1026 24,
1438 989 1519 1021 obiit
1541 990 1618 1021 1447
1640 991 1715 1032 Apr.
1738 992 1786 1023 11.

946 1075 970 1099 ‘s
999 1079 1057 1110 Ss.
1093 1079 1294 1110 Joannis
1326 1080 1369 1111 et
1401 1079 1547 1111 Pauli.

151 1149 290 1180 Cencius
312 1149 466 1187 Sabellus,
486 1150 566 1181 (1136.
587 1160 610 1180 6.
631 1149 748 1181 Luciae
768 1151 852 1191 (pag.
873 1152 891 1180 3
911 1154 977 1181 not.
1001 1151 1014 1180 1
1037 1161 1083 1180 nr.
1104 1151 1167 1189 22),
1188 1150 1286 1181 exalt.
1306 1150 1338 1181 in
1360 1150 1390 1181 S.
1412 1151 1447 1182 P.
1469 1151 1566 1190 (Hon.
1588 1151 1664 1190 III).

157 1202 310 1241 Joannes,
330 1203 411 1234 diac.
431 1214 470 1234 ss.
491 1204 623 1234 Cosmae
642 1207 675 1234 et
693 1203 786 1234 Dam.
808 1204 847 1243 (I,
870 1203 958 1243 16)¹),
978 1203 1029 1234 trl.
1051 1208 1124 1244 post
1145 1205 1222 1234 1216
1242 1204 1318 1235 Dec.
1338 1205 1388 1241 22,
1408 1204 1489 1236 obiit
1507 1216 1533 1236 c.
1556 1205 1644 1236 1217.

155 1256 355 1288 Bertrandus
375 1257 414 1288 (16
435 1257 558 1294 Βο1(116,
579 1268 628 1297 ep.
650 1256 774 1288 Albien.
797 1257 886 1297 (XX,
910 1258 970 1296 12),
992 1268 1093 1298 prom.
1117 1258 1197 1288 1310
1216 1258 1292 1289 Dec.
1316 1259 1362 1295 19,
1384 1258 1465 1289 obiit
1487 1260 1562 1289 1311
1588 1258 1675 1300 Sept.
1699 1260 1746 1291 12.

155 1309 299 1341 Jacobus
318 1311 358 1342 (16
380 1311 449 1347 Via,
470 1311 506 1342 el.
529 1311 677 1342 Avinion.
700 1311 807 1350 (XXI,
828 1312 870 1350 2),
892 1322 992 1352 prom.
1017 1312 1094 1341 1316
1115 1311 1191 1342 Dec.
1215 1312 1262 1348 18,
1283 1311 1364 1342 obiit
1386 1312 1463 1342 1317
1486 1312 1575 1343 Junii
1598 1314 1644 1343 13.

154 1363 340 1396 Matthaeus
360 1365 494 1395 Ursinus
514 1364 550 1395 Ο.
571 1364 695 1401 Ρ136(1.,
716 1375 785 1405 aep.
809 1364 967 1405 Sipontin.
990 1365 1097 1403 (XXI,
1118 1366 1181 1403 23),
1203 1376 1303 1406 prom.
1327 1365 1404 1396 1327
1424 1366 1501 1397 Dec.
1524 1367 1571 1403 18,
1592 1366 1646 1397 trs.
1667 1366 1709 1397 ad
1730 1367 1838 1398 Sabin.
1862 1369 1949 1399 1338.

156 1417 339 1459 Stephanus
362 1418 494 1456 Alberti,
517 1429 565 1459 ep.
589 1418 783 1449 Claromont.
807 1418 951 1457 (XXIII,
974 1420 1017 1457 5),
1040 1429 1141 1459 prom.
1167 1420 1244 1449 1342
1269 1418 1356 1460 Sept.
1380 1420 1429 1456 20,
1453 1419 1506 1450 trf.
1529 1419 1571 1450 ad
1594 1419 1714 1451 Ostien.
1740 1422 1828 1452 1352.

154 1471 321 1503 Audoinus
343 1471 476 1509 Alberti,
498 1483 546 1513 ep.
570 1471 728 1513 Magalon.
752 1472 889 1511 (XXIV,
914 1473 954 1511 1),
978 1483 1078 1512 prom.
1104 1473 1181 1503 1353
1205 1472 1296 1503 Febr.
1322 1474 1368 1510 15,
1392 1472 1445 1504 trf.
1468 1473 1510 1504 ad
1532 1473 1653 1505 Ostien.
1679 1475 1766 1505 1361.

151 1524 332 1556 Guilelmus
353 1525 453 1556 Sudre
473 1525 509 1557 Ο.
529 1525 654 1562 Ρ136(1.,
674 1536 722 1566 ep.
743 1525 913 1556 Massilien.
934 1526 1053 1565 (XXV,
1073 1527 1116 1564 2),
1136 1537 1237 1567 prom.
1260 1527 1337 1557 1366
1359 1526 1447 1567 Sept.
1470 1528 1516 1564 18,
1537 1527 1590 1558 trf.
1611 1527 1652 1558 ad
1671 1527 1792 1559 Ostien.
1815 1528 1892 1559 1367
1914 1528 2002 1570 Sept.
2025 1529 2071 1561 17.

152 1577 264 1610 Simon
285 1579 324 1611 de
346 1579 498 1616 Borsano,
520 1590 589 1620 aep.
612 1579 782 1610 Mediolan.
805 1579 942 1619 (XXVI,
966 1580 1027 1618 14),
1050 1590 1152 1620 prom.
1177 1579 1254 1610 1375
1275 1580 1351 1611 Dec.
1374 1581 1423 1617 20,
1446 1580 1527 1612 obiit
1550 1582 1624 1611 1381
1648 1581 1729 1622 Aug.
1751 1581 1800 1613 27.

152 1631 305 1664 Guterius
329 1633 479 1670 Gometii,
502 1644 550 1674 ep.
574 1632 733 1664 Palentin.
757 1633 880 1672 (XXX,
904 1632 946 1672 7),
970 1643 1071 1674 prom.
1098 1634 1172 1664 1381
1198 1633 1291 1664 Mart.
1318 1635 1365 1670 19,
1389 1634 1470 1665 obiit
1494 1636 1568 1665 1391
1595 1635 1670 1666 Jan.
1696 1636 1743 1666 13.

153 1685 296 1718 Joannes
318 1686 489 1724 Flandrini,
508 1698 577 1728 aep.
604 1687 751 1717 Auxitan.
772 1687 895 1726 (XXX,
915 1688 978 1726 31),
998 1697 1099 1727 prom.
1122 1687 1201 1717 1390
1219 1687 1290 1718 Oct.
1312 1687 1387 1727 17²),
1407 1699 1467 1719 rec.
1488 1688 1539 1719 tit.
1561 1690 1636 1719 1391
1659 1689 1736 1720 Jun.
1758 1689 1805 1726 17,
1826 1689 1879 1720 trs.
1899 1689 1941 1720 ad
1961 1689 2069 1721 Sabin.
2091 1690 2169 1721 1405
2190 1690 2267 1722 Jun.
2288 1692 2336 1723 13.

149 1739 291 1771 Thomas
315 1740 515 1778 Brancatius,
539 1751 587 1781 ep.
612 1740 799 1771 Tricaricen.
824 1740 995 1779 (XXXIV,
1019 1740 1061 1779 7),
1086 1751 1187 1781 prom.
1213 1742 1288 1771 1411
1315 1741 1405 1772 Junii
1427 1743 1456 1779 6,
1480 1741 1561 1773 obiit
1585 1741 1661 1773 1427
1687 1742 1775 1783 Sept.
1798 1744 1827 1774 8.
2386 1743 2388 1748 '

151 1793 345 1825 Dominicus
364 1794 459 1831 Ram,
479 1805 528 1835 ep.
548 1794 683 1825 Ilerden.
705 1794 858 1833 (XXXV,
880 1795 941 1831 11),
962 1804 1062 1834 prom.
1085 1795 1162 1824 1426
1181 1794 1259 1826 Maii
1277 1796 1326 1832 24,
1346 1794 1434 1836 publ.
1456 1796 1535 1826 1430
1554 1796 1636 1827 Nov.
1656 1797 1685 1833 8,
1706 1796 1759 1827 trf.
1780 1796 1821 1827 ad
1840 1796 1992 1828 Portuen.
2014 1798 2102 1828 1443.

865 1873 886 1892 ξ’
927 1884 958 1915 S.
991 1884 1245 1916 Laurentii
1277 1885 1323 1915 in
1354 1884 1589 1924 Damaso.1)

154 1954 270 1985 Petrus
297 1955 480 1995 Campanus
506 1955 545 1994 (Ι,
572 1956 635 1993 32),
663 1965 763 1995 prom.
792 1956 880 1992 1216,
907 1955 989 1986 obiit
1015 1955 1103 1986 1217.

154 2007 340 2039 Matthaeus
361 2008 400 2039 de
422 2008 626 2049 Aquasparta
648 2008 684 2039 O.
707 2008 783 2039 Min.
807 2009 909 2048 (XVI,
932 2010 974 2048 3),
997 2020 1097 2050 prom.
1123 2011 1201 2040 1288
1222 2021 1264 2040 m.
1286 2009 1381 2046 Maio,
1404 2009 1457 2040 trs.
1481 2009 1522 2040 ad
1542 2009 1694 2041 Portuen.
1719 2011 1807 2041 1291.

599 2106 624 2132 S.
661 2106 773 2136 cyriaci.

226 2151 246 2182 2)
269 2151 324 2177 Cfr.
347 2151 452 2177 Ostien.
474 2154 531 2176 not.
552 2153 576 2176 5.

225 2196 246 2226 3)
279 2196 436 2221 Secundum
471 2195 611 2228 Cristojori
645 2204 668 2220 a.
703 2195 877 2220 1213—1219
905 2196 1029 2221 Joannes
1063 2196 1226 2221 Dominicus

153 2239 248 2265 Trinci
281 2244 309 2265 et
344 2250 367 2266 a..
406 2240 580 2266 1252—1262
612 2239 747 2264 Ricardus
781 2239 812 2265 Ο.
849 2240 874 2265 S.
901 2240 932 2265 B.
959 2240 1057 2271 (abbas
1087 2240 1224 2272 Casinen.)

154 2283 227 2309 hunc
241 2285 284 2310 tit.
300 2285 479 2315 obtinebant,
493 2285 540 2310 sed
553 2285 601 2310 cfr.
617 2292 677 2317 pag.
693 2286 709 2309 5
722 2287 779 2309 not.
796 2285 807 2309 1
823 2288 851 2310 et
864 2293 925 2318 pag.
940 2286 955 2311 7
969 2288 1026 2310 not.
1041 2286 1065 2311 6.

609 2330 635 2356 S.
656 2329 774 2356 Eusebii.

227 2373 246 2404 ¹)
269 2374 329 2399 Nic.
363 2375 451 2407 antip.
483 2374 507 2399 V
538 2373 684 2399 Nicolaum
715 2373 749 2398 de
770 2373 908 2399 Fabriano
930 2374 960 2399 O.
988 2374 1032 2400 Er.
1056 2383 1076 2400 s.
1099 2374 1131 2400 A.
1157 2375 1225 2400 1328

154 2417 222 2442 Μ311
246 2419 277 2443 18
306 2419 333 2443 in
362 2419 408 2444 tit.
433 2428 453 2444 6.
478 2419 542 2443 Ε116.
566 2418 654 2451 presb.
679 2418 752 2443 card.
777 2419 916 2451 promovit
937 2422 965 2444 et
987 2428 1022 2444 m.
1047 2419 1122 2452 Sept.
1146 2427 1222 2452 prox.

151 2469 231 2494 sequ.
253 2462 289 2487 ad
310 2463 447 2488 Albanen.
469 2463 620 2488 transtulit.

226 2506 247 2538 2)
270 2507 429 2532 Secundum
447 2507 588 2539 Cristosori
606 2507 768 2532 Franciscus
785 2507 926 2533 Moricotti
944 2509 1014 2541 (aep.
1034 2508 1137 2539 Pisan.)
1157 2508 1225 2535 1378

157 2549 232 2583 Sept.
254 2552 310 2583 (18)
330 2553 357 2576 in
376 2553 420 2577 tit.
441 2561 461 2577 s.
483 2552 547 2576 Eus.
568 2551 657 2584 presb.
677 2552 751 2577 card.
772 2555 916 2585 promotus
934 2556 961 2578 et
980 2553 1093 2578 demum
1111 2561 1135 2578 a.
1158 2553 1225 2578 1385

153 2594 190 2619 ad
204 2594 374 2621 Praenestin.
389 2597 543 2621 translatus
555 2599 610 2626 est;
625 2596 672 2621 sed
684 2599 804 2627 constat,
820 2596 998 2622 Guilielmum
1013 2597 1225 2623 Sanseverinum

156 2638 225 2665 1378
245 2640 321 2673 Sept.
343 2642 374 2666 18
393 2641 508 2666 titulum
526 2649 546 2665 6.
569 2641 633 2665 Ε116.
653 2640 814 2671 obtinuisse,
833 2650 918 2674 quare
936 2650 991 2666 non
1008 2641 1225 2671 concedendum,

155 2683 333 2710 Franciseum
364 2686 506 2710 Moricotti
536 2685 627 2718 ipsum
657 2693 712 2710 uno
742 2685 894 2719 eodemque
924 2690 1048 2719 tempore
1078 2687 1222 2719 recepisse;

157 2728 283 2754 scribunt
300 2733 397 2755 tamen
412 2730 468 2760 alii,
490 2729 572 2760 hunc,
595 2730 643 2762 qui
665 2730 817 2755 secundum
839 2730 938 2756 Contel.
962 2731 1019 2763 jam
1043 2731 1111 2757 1378
1132 2731 1161 2755 in
1182 2739 1224 2764 ep.

153 2771 295 2799 Praenest.
311 2777 456 2807 promotus
468 2777 519 2803 est,
534 2774 616 2807 paulo
629 2776 691 2807 post
704 2774 747 2800 ob.
762 2774 833 2800 illius
848 2774 975 2800 Guilelmi
989 2776 1015 2807 (†
1027 2778 1093 2801 ante
1106 2776 1140 2800 24
1152 2775 1223 2801 Nov.

155 2816 235 2849 1378)
254 2819 299 2843 tit.
319 2827 339 2844 6.
361 2819 473 2844 Eusebii
491 2819 624 2851 recepisse
642 2822 669 2843 et
688 2822 784 2851 postea
802 2819 838 2844 ad
856 2820 919 2845 eccl.
940 2820 1036 2845 Praen.
1057 2820 1225 2845 translatum

147 2869 223 2887 esse:
246 2865 275 2888 et
296 2863 336 2888 ita
356 2871 398 2888 res
419 2872 447 2888 se
468 2863 569 2888 habere
589 2863 707 2888 videtur.

527 2909 567 2934 Ss.
590 2908 706 2934 Joannis
726 2909 751 2934 et
771 2909 856 2935 Pauli.

227 2951 246 2983 ¹)
269 2952 452 2977 Desideratur
463 2952 538 2985 apud
549 2951 697 2984 Cristosori,
710 2953 757 2985 qui
768 2953 803 2978 ad
815 2961 838 2977 a.
853 2953 1025 2978 1216-1221
1039 2953 1226 2978 Bertrandum

1279 2105 1281 2134 Ξ
1337 2106 1446 2137 Savelli,
1466 2106 1501 2132 ad
1519 2116 1543 2132 a.
1564 2107 1629 2132 1221
1650 2107 1805 2133 Robertum
1824 2107 1954 2133 Rainaldi
1970 2107 2005 2133 de
2024 2108 2107 2139 Setia,
2125 2108 2162 2134 ad
2179 2117 2203 2135 a.
2224 2109 2400 2136 1305—1309

1335 2151 1533 2184 Berengarium
1549 2151 1657 2177 Fredoli
1673 2152 1744 2177 inter
1760 2152 1848 2185 presb.
1865 2152 1909 2178 tit.
1926 2161 1960 2178 ss.
1979 2152 2043 2178 Joh.
2060 2155 2089 2178 et
2104 2153 2183 2178 Pauli
2198 2156 2333 2185 recenset;
2349 2153 2399 2180 sed

1336 2195 1475 2221 Joannem
1484 2196 1528 2221 tit.
1539 2204 1573 2221 ss.
1587 2196 1650 2222 Joh.
1662 2199 1691 2221 et
1700 2196 1729 2222 P.
1741 2196 1911 2222 subscribere
1920 2199 2032 2224 constat
2043 2198 2109 2224 1217
2120 2197 2139 2223 J
2141 2206 2185 2223 an.
2198 2199 2239 2229 18,
2250 2197 2398 2224 Bertrandi

1334 2248 1400 2265 vero
1415 2240 1458 2265 vel
1474 2240 1590 2266 Roberti
1605 2241 1681 2266 nulla
1694 2244 1788 2266 exstat
1802 2241 1969 2274 subscriptio
1984 2242 2043 2273 (cfr.
2061 2250 2122 2275 pag.
2138 2243 2154 2268 5
2170 2244 2227 2268 not.
2243 2243 2281 2275 4),
2297 2242 2397 2269 Beren-

1334 2285 1426 2318 garius
1441 2288 1501 2310 erat
1518 2286 1561 2310 tit.
1578 2294 1612 2311 ss.
1631 2285 1711 2311 Nerei
1727 2288 1755 2311 et
1771 2285 1837 2311 Ach.
1856 2286 1943 2319 presb.
1961 2286 2034 2312 card.
2051 2301 2087 2304 —-
2104 2286 2262 2313 Secundum
2277 2287 2399 2313 Potthaoe

1335 2329 1469 2362 praedicti
1485 2330 1603 2355 Joannis
1617 2330 1717 2355 ultima
1729 2330 1895 2363 subscriptio
1910 2333 1941 2356 ut
1955 2330 2024 2356 diac.
2039 2339 2073 2356 ss.
2089 2331 2204 2357 Oosmae
2217 2334 2246 2358 et
2259 2331 2340 2358 Dam.
2355 2333 2398 2358 eet

1338 2374 1404 2400 1217
1423 2373 1484 2399 Oct.
1507 2375 1547 2405 10,
1566 2374 1721 2408 penultima
1737 2383 1803 2400 vero
1822 2375 1889 2400 1216
1905 2375 1970 2400 Dec.
1990 2376 2036 2406 22;
2054 2375 2102 2401 sed
2118 2376 2177 2409 jam
2195 2376 2262 2403 1217
2279 2376 2345 2410 Apr.
2365 2376 2397 2404 17

1334 2418 1483 2444 subscribit
1494 2419 1625 2452 Aegidius
1635 2422 1667 2444 ut
1677 2419 1746 2444 diac.
1759 2427 1793 2444 ss.
1805 2419 1920 2445 Cosmae
1930 2422 1958 2445 et
1968 2420 2060 2451 Dam.‚
2071 2428 2157 2453 quare
2166 2420 2213 2446 illa
2222 2420 2397 2455 subscriptio,

2476 1965 2482 1972 .
2479 1904 2482 1913 ..
2464 1647 2482 1899 m-m.umfflffl
2463 1566 2482 1643 :m
2476 1522 2482 1556 .....
2474 1490 2482 1517 ..=-.
2480 1472 2482 1474 .

1335 2471 1419 2496 quam
1434 2463 1452 2489 J
1455 2471 1558 2488 oannes
1570 2463 1661 2489 adhuc
1676 2464 1742 2490 1217
1756 2463 1817 2489 Oct.
1834 2464 1866 2489 10
1877 2464 1973 2489 fecisse
1985 2464 2095 2495 dicitur,
2109 2465 2191 2498 priori
2204 2473 2277 2491 anno
2289 2465 2397 2499 adiudi-
2457 2480 2460 2481 ν
2479 2467 2482 2470 ”

1334 2507 1424 2532 canda
1444 2511 1472 2533 et
1492 2508 1551 2540 ejus
1571 2507 1738 2541 subscriptio
1760 2509 1827 2534 1216
1847 2508 1911 2534 Dec.
1933 2509 1966 2534 22
1986 2509 2063 2535 facta
2081 2509 2211 2535 habenda
2228 2512 2271 2536 est
2288 2509 2396 2536 ultima.

1337 2552 1364 2578 Si
1386 2560 1428 2577 res
1450 2552 1491 2577 ita
1512 2561 1540 2577 se
1562 2552 1656 2583 habet,
1689 2561 1745 2578 non
1767 2553 1821 2578 alia
1842 2553 1921 2578 adest
1942 2553 2095 2579 difficultas
2116 2554 2292 2580 translationi
2312 2562 2398 2588 quam

1336 2597 1518 2630 supponimus
1542 2597 1675 2630 praedicti
1698 2597 1823 2623 Joannis.
1857 2612 1891 2615 —
1927 2598 1993 2624 1288
2016 2598 2082 2624 Maii
2104 2599 2121 2624 4
2144 2598 2323 2633 Bentevenga
2353 2606 2396 2633 ep.

1336 2640 1470 2666 Albanen.
1495 2644 1523 2666 et
1547 2642 1614 2667 1302
1636 2642 1701 2667 Dec.
1725 2642 1756 2667 21
1780 2642 1879 2668 Petrus
1900 2651 1942 2676 ep.
1968 2642 2096 2668 sabinen.
2120 2643 2222 2669 admin.
2245 2643 2398 2677 supradicti

1334 2685 1408 2710 tituli
1428 2685 1509 2711 fiunt.

1406 2730 1427 2761 ²)
1448 2730 1628 2756 Desideratur
1650 2730 1725 2764 apud
1746 2731 1895 2764 Cristojori,
1917 2731 2069 2757 secundum
2091 2740 2174 2765 quem
2195 2732 2295 2758 Petrus
2316 2731 2398 2759 Blavi

1335 2775 1402 2805 (non
1421 2774 1513 2806 Blani)
1532 2774 1601 2800 diac.
1621 2783 1642 2800 s.
1662 2775 1759 2808 Angeli
1778 2775 1813 2801 ad
1831 2776 1874 2801 tit.
1894 2784 1928 2801 ss.
1950 2775 2013 2802 Joh.
2033 2778 2061 2801 et
2079 2776 2157 2801 Pauli
2175 2776 2328 2802 translatus
2345 2778 2395 2803 est·

1677 2821 1702 2846 S.
1722 2821 1861 2847 Laurentii
1879 2821 1909 2846 in
1927 2821 2056 2848 Damaso.

1406 2863 1426 2894 ¹)
1448 2863 1503 2889 Leo
1522 2864 1548 2889 X
1570 2873 1593 2889 3.
1617 2864 1683 2889 1523
1703 2864 1834 2894 decrevit,
1855 2864 1927 2890 hunc
1946 2865 2061 2891 titulum
2080 2865 2109 2890 in
2127 2865 2253 2891 futurum
2272 2868 2398 2899 spectare

1336 2907 1370 2932 ad
1397 2907 1571 2934 Cardinalem
1596 2908 1856 2934 Vicecancellarium
1882 2917 1931 2942 pro
1956 2912 2080 2943 tempore
2105 2910 2279 2940 existentem,
2306 2910 2396 2943 cujus-
2416 2939 2420 2940 ⁷

1335 2960 1444 2985 cunque
1464 2952 1567 2978 ordinis
1586 2953 1689 2987 (episc.‚
1712 2953 1810 2986 presb.,
1833 2953 1915 2985 diac.)
1935 2954 1978 2979 sit.
