2482 3178
834 293 1096 342 Addenda
1134 297 1188 342 et
1225 292 1554 342 emendanda

196 392 247 430 in
274 392 318 430 11
347 394 393 430 et
421 391 486 429 111
513 390 651 440 huJ'us
679 388 981 429 Hierarchiae
1010 388 1264 428 catholicae
1293 388 1617 427 voluminibus
1645 390 1828 436 praeter
1857 398 1921 435 ea,
1952 398 2069 438 quae
2089 389 2187 439 jam

557 453 607 491 in
635 453 728 491 vol.
757 452 823 491 ΙΙΙ
853 461 956 501 pag.
986 450 1096 490 VIII
1120 452 1166 489 et
1194 450 1425 490 381-384
1453 451 1564 488 sunt
1592 452 1827 488 annotata.

1118 572 1209 606 Vol.
1233 572 1284 606 11.

75 657 145 721 pag·
155 702 199 721 nr.
222 693 273 721 33:
317 691 489 720 Ludovicus
506 691 587 720 card.
605 691 789 720 Arelatensis
808 692 823 729 Τ
840 691 870 720 111
888 691 952 720 1000
969 690 1005 719 (10
1025 689 1143 718 Sallone

196 737 271 765 1450
297 735 378 774 Sept.
407 737 492 772 (non:
519 735 599 772 Oct.)
627 737 662 764 16
687 735 769 774 apud
794 735 901 764 fratres
926 735 1064 764 Minores.

115 804 132 815 ‚,
155 790 198 810 nr.
222 781 272 809 34:
298 780 447 809 Henricus
461 779 541 809 card.
557 780 594 809 de
609 780 755 809 Beaufort
769 780 879 818 accipit
893 779 1005 818 pileum
1019 779 1144 807 rubrum

195 825 267 854 1427
291 825 379 853 Mart.
405 825 450 859 25,
475 824 548 853 dum
571 824 653 862 apud
676 824 824 853 Calesium
849 824 974 861 (Calais)
999 827 1143 852 moratur.

115 892 132 903 „
155 879 198 898 nr.
221 870 271 898 43:
309 869 450 898 Julianus
474 868 554 898 card.
581 869 617 897 de
642 869 808 898 Caesarinis
833 869 870 897 fit
894 867 1145 907 poenitentiarius
1199 890 1200 907 3

194 913 291 952 major
314 914 387 942 1444
409 913 497 942 Mart.
522 916 547 942 7.

99 958 138 986 10
158 967 200 987 nr.
226 959 274 987 19:
319 958 453 986 Joannes
483 957 519 986 de
550 957 735 986 Malestricto
765 968 817 986 seu
847 957 883 986 de
914 956 1144 994 Chateaugiron‚
1200 969 1201 978 ³

198 1002 248 1041 qui
271 1003 346 1031 1440
367 1002 444 1031 Nov.
469 1003 503 1030 12
525 1012 542 1030 a
564 1002 660 1030 Felice
682 1002 776 1040 antip.
800 1002 826 1030 V
847 1002 1007 1030 cardinalis
1028 1004 1147 1029 creatus
1200 1013 1202 1037 ξ

197 1057 260 1075 0550
279 1046 398 1081 dicitur,
420 1050 487 1075 tum
507 1050 572 1074 erat
592 1046 680 1084 episc.
702 1046 883 1081 Nanneten.,
905 1046 943 1075 ad
964 1056 1056 1084 quam
1076 1045 1145 1074 eccl.

197 1101 224 1120 a.
251 1092 324 1120 1419
350 1101 367 1119 a
387 1091 524 1120 Briocen.
549 1091 714 1120 translatus
738 1095 792 1120 est.

103 1144 138 1172 12
159 1154 203 1173 111.
228 1145 241 1173 1
264 1148 294 1173 et
314 1146 345 1173 3:
374 1144 509 1173 Calixtus
533 1144 591 1178 III,
609 1144 721 1173 electus
739 1145 812 1173 1455
829 1144 900 1182 Apr.
918 1146 936 1173 8
954 1146 1025 1181 (11011
1042 1145 1081 1180 4),
1099 1154 1148 1172 ne-

197 1192 284 1227 potes
315 1188 504 1217 Ludovicum
533 1192 564 1217 et
599 1188 782 1217 Rodericum
813 1188 927 1217 creavit
961 1188 1041 1217 card.
1075 1189 1149 1217 1456

198 1233 283 1262 Febr.
306 1234 351 1267 20,
377 1243 452 1271 quos
479 1233 526 1261 die
558 1234 591 1262 17
623 1232 704 1271 Sept.
733 1233 852 1262 nonnisi
879 1233 1055 1271 publicavit.

102 1286 139 1314 13
161 1290 234 1315 nota
255 1289 272 1316 5
293 1286 425 1324 pertinet
445 1286 483 1315 ad
505 1286 539 1320 V,
565 1289 582 1315 5
604 1296 671 1324 pag.
695 1288 730 1315 14
753 1288 824 1323 (non
845 1286 883 1315 ad
904 1286 939 1321 V,
962 1288 979 1315 3
1000 1296 1067 1324 pag.
1091 1287 1149 1323 13),

106 1339 141 1368 19
163 1349 207 1369 nr.
232 1341 280 1369 19:
322 1339 441 1368 Gabriel
470 1339 517 1376 (O.
546 1339 617 1369 Min.
646 1339 784 1377 Observ.)
820 1340 900 1369 card.
933 1350 970 1369 ss.
1002 1339 1094 1378 Sergii
1121 1343 1151 1368 et
1204 1347 1205 1355 ¹

203 1383 323 1419 Bacchi,
345 1388 509 1422 postquam
529 1384 614 1419 obiit,
636 1384 666 1413 in
686 1385 755 1413 eccl.
777 1384 813 1413 de
833 1385 893 1413 Ara
914 1384 993 1413 Coeli
1013 1384 1049 1413 de
1070 1384 1151 1413 Urbe

195 1429 331 1467 sepultus
352 1432 406 1458 est.

97 1482 134 1510 21
159 1491 203 1511 nr.
226 1483 256 1511 3:
287 1481 488 1511 Antoniottus
506 1482 588 1511 card.
610 1492 631 1511 s.
653 1482 798 1511 Praxedis
819 1483 834 1520 †
854 1483 926 1512 1507
947 1483 1032 1519 (n0n:
1054 1483 1150 1519 1517),

100 1535 137 1564 25
159 1545 203 1564 nr.
226 1536 276 1564 24:
320 1535 492 1564 Ludovicus
524 1535 604 1564 card.
637 1535 674 1564 de
709 1535 802 1573 Borja
834 1535 871 1564 fit
902 1535 1152 1573 poenitentiarius

198 1578 295 1617 major
315 1589 341 1609 a.
367 1581 440 1609 1503
463 1580 533 1608 Dec.
557 1581 583 1608 3.

104 1633 155 1661 99:
178 1632 311 1661 Ecclesia
330 1643 352 1661 s.
373 1632 511 1661 Andreae
530 1632 560 1661 in
582 1632 683 1661 Scotia
702 1643 728 1662 a.
751 1634 824 1663 1472
843 1632 873 1661 in
893 1633 1050 1671 metropol.
1071 1633 1151 1661 exal-

201 1681 285 1705 tatur
319 1676 444 1715 ejusque
477 1677 688 1715 suffraganeae
722 1677 815 1706 fiunt:
845 1677 1021 1711 Cathanen.,
1057 1677 1151 1706 Dum-

202 1721 331 1756 blanen.,
365 1721 566 1756 Dunkelden.,
600 1721 787 1756 Brechinen.,
820 1721 1021 1756 Aberdonen.‚
1054 1722 1151 1750 Mora—

197 1765 286 1800 vien.,
309 1766 433 1795 Rossen.

83 1819 140 1848 103
160 1818 199 1848 ad
222 1819 354 1857 Aquen.:
380 1823 443 1848 not.
471 1820 484 1848 1
512 1818 561 1848 lin.
591 1820 607 1847 2
633 1819 695 1857 lege
721 1821 793 1848 1239
819 1820 883 1848 loco
910 1820 991 1848 1439.

87 1872 156 1901 143:
173 1871 319 1910 episcopis
335 1871 577 1910 Chrysopolitan.
595 1872 752 1901 addendus
768 1876 814 1901 est
832 1872 997 1901 Guilelmus
1014 1872 1152 1901 l’Enfant

202 1916 236 1946 O.
263 1916 345 1951 Cist.,
371 1927 466 1955 prom.
495 1917 578 1951 1461,
607 1917 622 1954 †
648 1918 721 1946 1482
747 1917 824 1946 Nov.
851 1919 877 1952 5,
905 1917 955 1955 qui
980 1917 1064 1946 suffr.
1092 1917 1148 1955 epi.

200 1960 356 1990 Ebroicen.
379 1960 472 1999 egisse
494 1961 622 1990 videtur.

84 2015 142 2044 150
162 2014 201 2043 ad
223 2014 429 2044 Constantien.
446 2014 488 2052 (in
505 2014 628 2052 Gallia):
643 2015 786 2053 Aegidius
799 2015 836 2044 de
850 2015 1012 2044 Duremort
1028 2014 1062 2044 O.
1078 2015 1149 2043 Cist-

201 2069 330 2088 consecr.
358 2060 433 2088 1440
459 2059 520 2088 Jul.
549 2060 594 2094 28,
624 2060 639 2097 †
663 2059 849 2098 Rothomagi
876 2060 949 2088 1444
976 2059 1037 2088 Jul.
1065 2060 1110 2088 29.

84 2113 141 2142 172
162 2112 201 2141 5(1
225 2112 518 2150 Forosempronien.:
545 2112 715 2150 Dalphinus
741 2112 904 2142 Gozzadini
928 2118 993 2141 erat
1017 2112 1052 2141 Ο.
1078 2112 1149 2141 Cist.
1204 2118 1205 2132 ³

1249 654 1316 682 pag.

1250 690 1302 717 181
1326 688 1364 717 ad
1387 689 1595 727 Herbipolen.:
1617 688 1824 726 Sigismundus
1842 689 1876 718 el.
1897 690 1971 718 1440
1990 690 2058 719 Jan.
2072 691 2088 718 2
2103 691 2201 727 (alter)
2213 691 2310 730 coadj.

1368 733 1494 762 Joannis
1522 733 1577 771 epi.
1606 733 1710 767 Herb.,
1738 733 1785 762 cui
1812 733 1874 771 jam
1903 735 1976 762 1433
2003 734 2080 764 Nov.
2109 736 2144 764 25
2170 735 2312 765 Albertus

1366 777 1403 806 (10
1423 777 1587 806 Wertheim
1606 777 1703 816 coadj.
1724 777 1889 815 deputatus
1908 782 1973 806 erat
1993 780 2058 815 (res.
2081 780 2154 808 1436
2175 780 2248 809 Julii
2268 782 2310 817 1);

1369 821 1541 850 Gottfridus
1571 823 1644 850 1442
1673 822 1748 860 Aug.
1780 823 1814 850 12
1843 832 1859 850 5
1888 822 2038 851 Friderico
2066 823 2169 861 imper.
2199 824 2310 855 admin.

1366 866 1506 895 ecclcsiae
1535 866 1627 895 Herb.
1656 866 1815 895 institutus
1843 871 1888 895 est
1917 866 1980 905 (rej.
2012 867 2202 905 Sigismundo
2229 879 2312 907 prae-

1367 910 1457 940 dicto.
1477 911 1527 949 qui
1544 921 1583 940 m.
1602 910 1668 940 Oct.
1688 912 1758 939 1441
1778 911 1902 939 concilio
1919 911 2064 941 Basileen.
2083 916 2156 941 tunc
2172 913 2312 942 schisma-

1368 955 1427 983 tico
1448 955 1630 993 incorporari
1650 966 1680 983 se
1701 955 1793 991 fecit),
1820 966 1898 984 cons.
1923 957 1996 984 1444
2016 956 2094 985 Nov.
2116 958 2146 991 2;
2180 957 2313 987 Joannes

1367 999 1403 1028 (10
1428 999 1601 1028 Grumbach
1622 1000 1657 1029 el.
1682 1001 1754 1029 1455
1775 1000 1846 1037 Apr.
1872 1001 1919 1034 143
1942 1000 2092 1029 Rudolfus
2113 1001 2149 1030 de
2172 1001 2312 1031 Scheren-

1370 1044 1439 1082 berg
1457 1044 1491 1073 el.
1512 1045 1585 1073 1466
1603 1044 1674 1082 Apr.
1694 1046 1739 1079 30,
1759 1054 1838 1073 cons.
1860 1045 1932 1073 1466
1953 1044 2034 1082 Sept.
2054 1046 2104 1080 283
2134 1046 2313 1076 Laurentius

1368 1089 1404 1117 dc
1427 1088 1518 1117 Bibra
1539 1089 1574 1117 el.
1599 1090 1671 1118 1475
1693 1088 1764 1117 Maii
1787 1090 1830 1118 12.

1255 1135 1309 1162 182
1331 1133 1369 1162 5(1
1392 1133 1627 1171 Hierapolitan.:
1647 1133 1780 1161 Joannes
1798 1133 1938 1162 Schlecht
1955 1137 2020 1162 erat
2036 1134 2120 1164 suffr.
2139 1134 2194 1173 epi.
2213 1135 2313 1164 Ratis-

1370 1177 1487 1212 bonen.,
1514 1178 1529 1215 1·
1551 1179 1625 1206 1500
1648 1178 1708 1207 Jul.
1731 1178 1777 1206 31.

1256 1224 1310 1252 186
1332 1222 1369 1250 ad
1392 1222 1514 1251 Isclan.:
1542 1222 1669 1250 Michael
1685 1222 1770 1251 Cosal
1786 1226 1851 1250 erat
1865 1233 1911 1260 ep.
1929 1222 2036 1252 Isclan.
2055 1224 2139 1260 (non:
2157 1223 2312 1262 Insulan.).

1254 1268 1307 1296 221
1331 1266 1370 1295 5(1
1392 1266 1552 1295 Nazaren.:
1582 1267 1689 1295 Petrus
1716 1266 1753 1295 de
1781 1266 1905 1295 Camera
1933 1266 2115 1304 (Chambre),
2144 1268 2227 1298 suffr.
2257 1269 2313 1308 epi.

1370 1311 1574 1349 Andegaven„
1606 1311 1620 1348 †
1649 1312 1731 1346 1503,
1760 1321 1820 1349 sep.
1849 1311 1880 1340 in
1907 1311 1976 1340 eccl.
2005 1311 2083 1341 illius
2111 1322 2201 1348 mon.,
2229 1313 2315 1352 cujus

1369 1355 1464 1384 abbas
1486 1359 1558 1385 erat.

1255 1402 1310 1431 258
1332 1400 1370 1429 ad
1395 1400 1596 1438 Segobricen.:
1623 1400 1730 1429 Petrus
1755 1400 1791 1429 de
1817 1400 1917 1429 Bardo
1943 1402 2029 1437 (non:
2055 1400 2092 1430 de
2118 1401 2225 1439 Baldo)
2250 1406 2316 1431 erat

1371 1444 1404 1473 O.
1429 1444 1499 1474 Cist.

1255 1491 1308 1519 261
1332 1489 1370 1518 ad
1395 1489 1609 1518 Silvanecten.:
1631 1489 1764 1518 Joannes
1782 1489 1945 1518 Raffanelli
1966 1489 1981 1527 Τ
2000 1490 2074 1518 1448
2094 1489 2175 1528 Sept.
2196 1491 2232 1519 24
2250 1491 2314 1528 (cfr.

1370 1533 1459 1562 Arch.
1487 1533 1635 1562 Francisc.
1663 1533 1743 1562 Hist.
1771 1533 1829 1568 III,
1856 1535 1938 1570 546);
1968 1533 2071 1563 Simon
2097 1534 2225 1570 Bonnet,
2251 1534 2316 1574 ejus

1370 1588 1521 1607 successor
1546 1581 1576 1606 et
1600 1588 1702 1615 nepos,
1731 1578 1746 1616 †
1772 1579 1845 1607 1486
1871 1578 1942 1607 Μ511
1967 1579 1993 1607 4.

1255 1625 1310 1652 263
1332 1623 1370 1651 ad
1395 1622 1575 1651 Sleswicen:
1612 1622 1754 1651 Nicolaus
1781 1623 1795 1660 †
1821 1623 1891 1651 1481
1920 1622 1989 1651 Jan.
2016 1623 2061 1652 27.

1255 1669 1310 1697 284
1332 1667 1370 1696 5(1
1393 1667 1515 1704 Tyren:
1542 1667 1651 1695 Suerus
1673 1667 1766 1701 Doca,
1790 1667 1884 1695 abbas
1906 1677 1986 1696 mon.
2010 1667 2160 1697 Ursarien.
2185 1667 2219 1697 O.
2243 1667 2314 1698 Cist.

1370 1712 1407 1740 fit
1428 1722 1529 1749 aepus.
1552 1711 1659 1749 Tyren.
1682 1722 1706 1740 e.
1729 1722 1754 1740 a.
1779 1713 1861 1746 1500,
1887 1712 1902 1749 †
1924 1713 2006 1740 1509.

1275 1781 1291 1792 „
1333 1756 1371 1785 ad
1394 1755 1589 1785 Ulixbonen.:
1630 1755 1773 1793 Georgius
1798 1756 1835 1784 de
1861 1755 1960 1790 Costa,
1987 1759 2077 1784 antea
2102 1766 2148 1794 ep.
2176 1756 2314 1787 Elboren.

1371 1803 1450 1838 (pag.
1475 1801 1552 1836 156),
1575 1804 1640 1828 erat
1662 1799 1696 1829 O.
1720 1800 1790 1829 Cist.

1255 1847 1310 1874 286
1332 1845 1370 1873 5(1
1394 1844 1538 1873 Vabren.:
1573 1844 1744 1873 Ludovicus
1766 1844 1803 1873 de
1825 1844 1962 1873 Navarra
1984 1848 2049 1872 erat
2071 1844 2105 1873 Ο.
2129 1844 2199 1874 Cist.

1255 1891 1312 1919 290
1333 1890 1371 1918 ad
1393 1889 1552 1918 Vencten.:
1587 1889 1721 1917 Joannes
1742 1899 1825 1926 prov.
1850 1890 1923 1917 1432
1945 1888 2011 1917 Oct.
2034 1890 2070 1917 24
2092 1889 2140 1925 (al.
2165 1889 2246 1927 Sept.
2269 1890 2314 1924 28,

1371 1934 1422 1963 cfr.
1448 1933 1526 1961 Acta
1549 1933 1670 1962 consist.
1696 1934 1820 1968 1409s33
1844 1933 1863 1962 f.
1888 1934 1965 1969 235).

1255 1980 1310 2008 296
1332 1978 1369 2007 ad
1392 1977 1617 2007 Vratislavien.:
1649 1978 1755 2006 Petrus
1787 1978 1802 2015 †
1832 1978 1905 2006 1456
1936 1979 2020 2013 (nonz
2053 1978 2138 2014 1455)
2168 1977 2253 2006 Febr.
2284 1979 2314 2011 6;

1371 2022 1435 2061 ejus
1455 2032 1606 2050 successor
1628 2021 1760 2050 Jodocus
1780 2032 1864 2059 prov.
1887 2023 1960 2050 1456
1981 2023 2066 2058 (non:
2089 2022 2174 2057 1455)
2196 2022 2267 2051 Jun.
2287 2023 2315 2056 9,

1374 2068 1388 2104 †
1407 2068 1478 2096 1467
1498 2068 1584 2102 (11011;
1604 2067 1689 2102 1466)
1708 2066 1778 2095 Dec.
1799 2067 1842 2100 15,
1861 2066 1909 2094 0111
1925 2065 2059 2094 succedit
2076 2065 2225 2094 Rudolfus
2243 2067 2317 2095 1468

1373 2114 1458 2148 (11011;
1484 2111 1568 2146 1467)
1591 2110 1662 2149 Apr.
1686 2112 1730 2140 27.

1109 2208 1198 2241 Vol.
1224 2207 1298 2241 111.

83 2290 151 2319 pag.

85 2327 140 2354 125
163 2325 288 2363 Apten:
335 2325 469 2354 Joannes
502 2325 539 2354 de
574 2326 778 2361 Monteacuto,
813 2325 861 2354 cui
896 2326 970 2354 1515
1017 2325 1151 2353 Joannes

202 2369 319 2398 Nicolai
343 2371 428 2406 (n0n:
454 2369 618 2407 Nicolaus),
642 2370 707 2408 ejus
727 2381 828 2408 nepos,
853 2369 1020 2407 deputatur
1042 2368 1150 2407 coadj„

204 2414 219 2451 †
248 2424 274 2443 a.
306 2415 393 2448 1537;
436 2414 544 2443 Petrus
573 2414 609 2443 de
639 2415 770 2443 Forlivio
799 2424 883 2453 prov.
916 2415 991 2443 1540
1020 2414 1091 2442 Dec.
1117 2414 1150 2442 17

202 2458 239 2486 al.
267 2458 348 2496 Sept.
374 2459 404 2493 83
430 2458 607 2487 Franciscus
631 2459 667 2487 de
694 2459 827 2488 Simiana
853 2459 868 2495 †
893 2459 965 2487 1587
990 2457 1062 2486 Maii
1086 2459 1111 2486 6.

87 2503 142 2531 125
163 2502 280 2540 Aquen.
299 2502 400 2538 (Aimz
429 2503 606 2531 Franciscus
623 2513 706 2541 prov.
727 2505 800 2532 1503
818 2505 889 2539 (non
908 2504 993 2538 1504)
1012 2502 1082 2530 Dec.
1101 2502 1151 2536 22;
1206 2508 1208 2528 ³1

204 2546 310 2575 Petrus
330 2547 346 2583 †
364 2548 435 2576 1541
456 2549 529 2583 (non
548 2548 633 2583 1540)
654 2548 723 2576 Jan.
744 2549 793 2582 22;
815 2547 955 2576 Julianus
974 2556 1058 2584 prov.
1079 2546 1152 2575 1574

204 2591 292 2619 Mart.
314 2592 386 2626 (non
404 2591 487 2627 Maii)
507 2592 557 2626 29;
588 2591 759 2620 Alexander
780 2592 795 2629 †
812 2591 843 2619 in
862 2591 950 2620 Curia
970 2591 1057 2619 Rom.
1080 2591 1151 2619 1591

204 2635 293 2663 Mart.
316 2636 361 2663 31.

89 2680 144 2708 126
166 2678 282 2716 Aquen.
300 2679 433 2717 (Acqui):
468 2680 575 2708 Petrus
597 2680 732 2708 Forstius
756 2680 771 2717 †
794 2681 868 2709 1548
890 2679 960 2708 Dec.
983 2680 1010 2708 8.

90 2724 144 2752 129
159 2723 309 2752 Arelaten.
344 2727 406 2752 not.
443 2726 473 2753 7:
508 2724 694 2762 Hippolytus
725 2724 805 2752 card.
839 2723 944 2752 d’Estc
976 2723 1012 2751 fit
1040 2722 1152 2751 admin.

208 2768 282 2796 1564
305 2767 376 2796 Jun.
400 2769 445 2796 28.

92 2812 148 2840 130
161 2811 316 2849 Argentin.
346 2816 408 2840 not.
439 2814 469 2841 3:
502 2812 564 2850 lege
594 2812 857 2847 „Stefansfelden“
889 2812 952 2840 loco
982 2810 1154 2845 „Stefeldt“

206 2859 237 2884 et
260 2855 404 2890 „Ulmer“
427 2856 491 2885 loco
514 2856 670 2890 ,‚Ulmar“.

94 2901 147 2929 137
163 2899 443 2938 Augustopolitan.:
479 2900 605 2929 Michael
629 2904 693 2929 erat
717 2900 805 2938 episc.
832 2900 1031 2937 Adramytan.
1069 2900 1154 2935 (nonz

206 2944 494 2982 Augustopolitan.).

1257 2290 1324 2318 pag.

1259 2325 1314 2353 138
1329 2324 1491 2360 Aur(i)en.:
1522 2333 1548 2352 a.
1580 2324 1653 2352 1512
1682 2323 1720 2351 ad
1749 2323 1826 2351 hanc
1854 2323 1922 2351 eccl.
1944 2322 2075 2360 promoti
2095 2332 2156 2351 esse
2175 2322 2318 2351 dicuntur

1372 2372 1402 2396 et
1433 2368 1566 2397 Joannes
1604 2367 1698 2396 abbas
1736 2376 1815 2396 mon.
1854 2366 1891 2395 de
1929 2366 2086 2395 Kirckstet
2121 2366 2155 2395 O.
2186 2366 2256 2395 Cist.
2286 2370 2317 2395 et

1372 2412 1526 2441 Conradus
1565 2411 1717 2449 Wigkram
1756 2413 1860 2449 (nepos
1899 2410 2026 2439 Joannis
2066 2410 2162 2439 Geiler
2195 2410 2318 2439 celebris

1373 2457 1506 2485 concion.
1530 2455 1695 2494 Argentin.,
1720 2455 1770 2493 qui
1791 2455 1957 2493 deputatur
1978 2455 2062 2484 suffr.
2079 2454 2134 2492 epi.
2150 2454 2316 2493 Argentin.,

1375 2502 1390 2538 †
1413 2502 1508 2536 1535).

1259 2546 1313 2574 148
1330 2545 1548 2574 Bethleemen.:
1582 2544 1650 2572 huic
1679 2543 1762 2572 seriei
1792 2543 1948 2572 addendus
1977 2547 2023 2572 est
2052 2542 2236 2578 Vincentius,
2267 2542 2318 2581 qui

1376 2591 1448 2618 1595
1472 2589 1508 2617 fit
1530 2588 1627 2626 coadj.
1651 2588 1707 2626 epi.
1731 2588 1885 2616 Muranen.
1910 2589 1950 2624 (v.
1974 2587 2015 2616 ibi
2037 2591 2099 2616 not.
2125 2588 2181 2623 12).

1260 2635 1313 2663 159
1336 2633 1523 2662 Caesareen.:
1574 2633 1704 2670 Angelus
1741 2632 1879 2660 Perutius
1915 2631 2020 2660 transf.
2058 2631 2096 2660 ad
2135 2631 2316 2660 Sarsinaten.

1376 2679 1446 2707 1581
1470 2678 1541 2715 Apr.
1565 2678 1591 2705 3.

1261 2723 1314 2750 162
1331 2721 1518 2759 Callipolenssz
1548 2721 1678 2749 Martino
1706 2731 1732 2749 a.
1764 2721 1834 2749 1551
1865 2723 2004 2758 promoto
2032 2723 2097 2748 erat
2116 2729 2198 2757 cogn.
2221 2719 2318 2753 „Dur-

1376 2765 1494 2794 lacher“
1519 2767 1604 2801 (nonz
1630 2765 1691 2799 „du
1713 2764 1869 2800 Lachet“).

1262 2811 1317 2840 170
1331 2810 1498 2838 Casertan.:
1521 2809 1707 2846 Hieronymo
1719 2812 1783 2837 erat
1795 2818 1879 2846 cogn.
1903 2807 2062 2842 ‚,Verallo“
2078 2817 2129 2836 seu
2142 2806 2318 2841 „Verallus“

1377 2855 1462 2890 (nont
1488 2853 1669 2889 ‚,Veralla“).

1262 2899 1313 2928 171
1331 2898 1503 2927 cassellen:
1533 2897 1691 2925 Mauritius
1719 2897 1784 2925 Mac
1814 2896 1934 2925 Gibbon
1964 2896 1979 2933 †
2007 2894 2128 2925 1578111
2146 2894 2227 2924 civit.
2247 2895 2320 2923 Pot-

1377 2942 1507 2979 tugalen.
1545 2941 1655 2977 (Porto)
1680 2941 1710 2969 in
1734 2940 1926 2978 Portugallia.
