<?xml version="1.0" encoding="UTF-8"?>
<!DOCTYPE html PUBLIC "-//W3C//DTD XHTML 1.0 Transitional//EN"
    "http://www.w3.org/TR/xhtml1/DTD/xhtml1-transitional.dtd">
<html xmlns="http://www.w3.org/1999/xhtml" xml:lang="en" lang="en">
 <head>
  <title>
</title>
<meta http-equiv="Content-Type" content="text/html;charset=utf-8" />
  <meta name='ocr-system' content='tesseract 3.04.00' />
  <meta name='ocr-capabilities' content='ocr_page ocr_carea ocr_par ocr_line ocrx_word'/>
</head>
<body>
  <div class='ocr_page' id='page_1' title='image "./hierarchiacathol01eubeuoft_0053.png"; bbox 0 0 2482 3178; ppageno 0'>
   <div class='ocr_carea' id='block_1_1' title="bbox 576 153 2314 211">
    <p class='ocr_par' dir='ltr' id='par_1_1' title="bbox 576 153 2314 211">
     <span class='ocr_line' id='line_1_1' title="bbox 576 153 2314 211; baseline 0.011 -24"><span class='ocrx_word' id='word_1_1' title='bbox 576 153 809 189; x_wconf 73' lang='lat' dir='ltr'>cardinales</span> <span class='ocrx_word' id='word_1_2' title='bbox 833 158 1055 201; x_wconf 82' lang='lat' dir='ltr'>presbyteri</span> <span class='ocrx_word' id='word_1_3' title='bbox 1078 161 1136 195; x_wconf 83' lang='lat' dir='ltr'>tit.</span> <span class='ocrx_word' id='word_1_4' title='bbox 1162 171 1189 196; x_wconf 88' lang='lat' dir='ltr'>s.</span> <span class='ocrx_word' id='word_1_5' title='bbox 1214 163 1460 204; x_wconf 81' lang='lat' dir='ltr'>Anastasiae‚</span> <span class='ocrx_word' id='word_1_6' title='bbox 1484 165 1566 199; x_wconf 79' lang='lat' dir='ltr'>bas.</span> <span class='ocrx_word' id='word_1_7' title='bbox 1590 166 1662 200; x_wconf 89' lang='lat' dir='ltr'>XII</span> <span class='ocrx_word' id='word_1_8' title='bbox 1685 167 1822 211; x_wconf 86' lang='lat' dir='ltr'>Apost.</span> <span class='ocrx_word' id='word_1_9' title='bbox 2273 175 2314 206; x_wconf 79' lang='lat'>39</span> 
     </span>
    </p>
   </div>
   <div class='ocr_carea' id='block_1_2' title="bbox 65 251 1727 1207">
    <p class='ocr_par' dir='ltr' id='par_1_2' title="bbox 76 251 1553 354">
     <span class='ocr_line' id='line_1_2' title="bbox 76 251 1553 307; baseline 0.012 -24"><span class='ocrx_word' id='word_1_10' title='bbox 76 251 195 285; x_wconf 81' lang='lat' dir='ltr'>Petrus</span> <span class='ocrx_word' id='word_1_11' title='bbox 216 253 348 291; x_wconf 84' lang='lat' dir='ltr'>Juliani,</span> <span class='ocrx_word' id='word_1_12' title='bbox 371 265 439 295; x_wconf 88' lang='lat' dir='ltr'>aep.</span> <span class='ocrx_word' id='word_1_13' title='bbox 463 255 654 287; x_wconf 84' lang='lat' dir='ltr'>Bracharen.</span> <span class='ocrx_word' id='word_1_14' title='bbox 679 258 750 297; x_wconf 87' lang='lat' dir='ltr'>(IX,</span> <span class='ocrx_word' id='word_1_15' title='bbox 776 260 815 298; x_wconf 88' lang='lat'>1),</span> <span class='ocrx_word' id='word_1_16' title='bbox 839 270 938 300; x_wconf 87' lang='lat' dir='ltr'>prom.</span> <span class='ocrx_word' id='word_1_17' title='bbox 964 262 1050 299; x_wconf 84' lang='grc'>1273,</span> <span class='ocrx_word' id='word_1_18' title='bbox 1073 264 1168 295; x_wconf 81' lang='lat' dir='ltr'>exalt.</span> <span class='ocrx_word' id='word_1_19' title='bbox 1192 266 1222 295; x_wconf 90' lang='grc'>111</span> <span class='ocrx_word' id='word_1_20' title='bbox 1247 265 1276 296; x_wconf 87' lang='lat' dir='ltr'>S.</span> <span class='ocrx_word' id='word_1_21' title='bbox 1300 266 1334 297; x_wconf 91' lang='lat' dir='ltr'>P.</span> <span class='ocrx_word' id='word_1_22' title='bbox 1358 267 1423 306; x_wconf 90' lang='lat' dir='ltr'>(J0.</span> <span class='ocrx_word' id='word_1_23' title='bbox 1446 268 1553 307; x_wconf 92' lang='lat' dir='ltr'><strong>XXI).</strong></span> 
     </span>
     <span class='ocr_line' id='line_1_3' title="bbox 78 306 1488 354; baseline 0.01 -16"><span class='ocrx_word' id='word_1_24' title='bbox 78 307 239 339; x_wconf 82' lang='lat' dir='ltr'>Ordonius</span> <span class='ocrx_word' id='word_1_25' title='bbox 261 306 367 344; x_wconf 81' lang='lat' dir='ltr'>Alurz,</span> <span class='ocrx_word' id='word_1_26' title='bbox 391 318 459 349; x_wconf 85' lang='lat' dir='ltr'>aep.</span> <span class='ocrx_word' id='word_1_27' title='bbox 484 309 675 341; x_wconf 85' lang='lat' dir='ltr'>Bracharen.</span> <span class='ocrx_word' id='word_1_28' title='bbox 700 312 810 350; x_wconf 90' lang='lat' dir='ltr'>(XIII,</span> <span class='ocrx_word' id='word_1_29' title='bbox 835 314 877 351; x_wconf 85' lang='lat'>5),</span> <span class='ocrx_word' id='word_1_30' title='bbox 901 325 1000 354; x_wconf 85' lang='lat' dir='ltr'>prom.</span> <span class='ocrx_word' id='word_1_31' title='bbox 1028 316 1114 352; x_wconf 80' lang='grc'>1278,</span> <span class='ocrx_word' id='word_1_32' title='bbox 1138 317 1218 348; x_wconf 91' lang='lat' dir='ltr'>obiit</span> <span class='ocrx_word' id='word_1_33' title='bbox 1243 320 1319 349; x_wconf 84' lang='lat'>1285</span> <span class='ocrx_word' id='word_1_34' title='bbox 1341 320 1416 351; x_wconf 87' lang='lat' dir='ltr'>Dec.</span> <span class='ocrx_word' id='word_1_35' title='bbox 1441 322 1488 352; x_wconf 96' lang='lat'>21.</span> 
     </span>
    </p>

    <p class='ocr_par' dir='ltr' id='par_1_3' title="bbox 75 360 1709 566">
     <span class='ocr_line' id='line_1_4' title="bbox 76 360 1709 416; baseline 0.009 -24"><span class='ocrx_word' id='word_1_36' title='bbox 76 361 222 392; x_wconf 83' lang='lat' dir='ltr'>-Joannes</span> <span class='ocrx_word' id='word_1_37' title='bbox 242 360 479 398; x_wconf 77' lang='lat' dir='ltr'>Buccamatius,</span> <span class='ocrx_word' id='word_1_38' title='bbox 501 373 569 403; x_wconf 82' lang='lat' dir='ltr'>aep.</span> <span class='ocrx_word' id='word_1_39' title='bbox 592 363 774 405; x_wconf 83' lang='lat' dir='ltr'>Montisreg.</span> <span class='ocrx_word' id='word_1_40' title='bbox 797 366 881 405; x_wconf 93' lang='lat' dir='ltr'>(XV,</span> <span class='ocrx_word' id='word_1_41' title='bbox 906 369 944 405; x_wconf 78' lang='lat'>1),</span> <span class='ocrx_word' id='word_1_42' title='bbox 968 379 1066 408; x_wconf 86' lang='lat' dir='ltr'>prom.</span> <span class='ocrx_word' id='word_1_43' title='bbox 1091 371 1168 400; x_wconf 88' lang='grc'>1285</span> <span class='ocrx_word' id='word_1_44' title='bbox 1189 382 1229 402; x_wconf 91' lang='lat' dir='ltr'>m.</span> <span class='ocrx_word' id='word_1_45' title='bbox 1252 373 1338 409; x_wconf 62' lang='lat' dir='ltr'>Dec„</span> <span class='ocrx_word' id='word_1_46' title='bbox 1360 373 1440 404; x_wconf 91' lang='lat' dir='ltr'>obiit</span> <span class='ocrx_word' id='word_1_47' title='bbox 1463 375 1539 404; x_wconf 88' lang='grc'>1309</span> <span class='ocrx_word' id='word_1_48' title='bbox 1560 376 1639 416; x_wconf 87' lang='lat' dir='ltr'>Aug.</span> <span class='ocrx_word' id='word_1_49' title='bbox 1664 377 1709 407; x_wconf 88' lang='grc'>10.</span> 
     </span>
     <span class='ocr_line' id='line_1_5' title="bbox 81 414 1617 461; baseline 0.009 -16"><span class='ocrx_word' id='word_1_50' title='bbox 81 414 290 455; x_wconf 77' lang='lat' dir='ltr'>Berengarius</span> <span class='ocrx_word' id='word_1_51' title='bbox 311 414 436 445; x_wconf 91' lang='lat' dir='ltr'>Fredoli</span> <span class='ocrx_word' id='word_1_52' title='bbox 456 425 532 452; x_wconf 65' lang='lat' dir='ltr'>sen„</span> <span class='ocrx_word' id='word_1_53' title='bbox 555 417 605 447; x_wconf 88' lang='lat' dir='ltr'>tit.</span> <span class='ocrx_word' id='word_1_54' title='bbox 628 428 666 447; x_wconf 74' lang='lat' dir='ltr'>ss</span> <span class='ocrx_word' id='word_1_55' title='bbox 690 418 783 449; x_wconf 92' lang='lat' dir='ltr'>Nerei</span> <span class='ocrx_word' id='word_1_56' title='bbox 804 423 836 449; x_wconf 88' lang='lat' dir='ltr'>et</span> <span class='ocrx_word' id='word_1_57' title='bbox 859 420 945 457; x_wconf 84' lang='lat' dir='ltr'>Ach.,</span> <span class='ocrx_word' id='word_1_58' title='bbox 968 423 1076 453; x_wconf 84' lang='lat' dir='ltr'>transl.</span> <span class='ocrx_word' id='word_1_59' title='bbox 1099 434 1124 453; x_wconf 82' lang='lat' dir='ltr'>c.</span> <span class='ocrx_word' id='word_1_60' title='bbox 1150 425 1236 461; x_wconf 89' lang='grc'>1309,</span> <span class='ocrx_word' id='word_1_61' title='bbox 1258 425 1338 456; x_wconf 83' lang='lat' dir='ltr'>obiit</span> <span class='ocrx_word' id='word_1_62' title='bbox 1362 428 1437 457; x_wconf 86' lang='lat'>1323</span> <span class='ocrx_word' id='word_1_63' title='bbox 1460 428 1548 459; x_wconf 85' lang='lat' dir='ltr'>Junii</span> <span class='ocrx_word' id='word_1_64' title='bbox 1571 430 1617 459; x_wconf 93' lang='lat'>11.</span> 
     </span>
     <span class='ocr_line' id='line_1_6' title="bbox 81 467 1576 520; baseline 0.009 -22"><span class='ocrx_word' id='word_1_65' title='bbox 81 467 278 499; x_wconf 85' lang='lat' dir='ltr'>Bertrandus</span> <span class='ocrx_word' id='word_1_66' title='bbox 298 467 337 498; x_wconf 93' lang='lat' dir='ltr'>de</span> <span class='ocrx_word' id='word_1_67' title='bbox 359 467 457 499; x_wconf 87' lang='lat' dir='ltr'>Turre</span> <span class='ocrx_word' id='word_1_68' title='bbox 478 468 514 499; x_wconf 95' lang='lat' dir='ltr'>O.</span> <span class='ocrx_word' id='word_1_69' title='bbox 537 469 625 506; x_wconf 68' lang='lat' dir='ltr'>Min„</span> <span class='ocrx_word' id='word_1_70' title='bbox 648 471 697 501; x_wconf 88' lang='lat' dir='ltr'>tit.</span> <span class='ocrx_word' id='word_1_71' title='bbox 721 482 743 502; x_wconf 83' lang='lat' dir='ltr'>s.</span> <span class='ocrx_word' id='word_1_72' title='bbox 767 472 891 509; x_wconf 82' lang='lat' dir='ltr'>Vitalis,</span> <span class='ocrx_word' id='word_1_73' title='bbox 914 475 1022 505; x_wconf 85' lang='lat' dir='ltr'>transl.</span> <span class='ocrx_word' id='word_1_74' title='bbox 1045 487 1071 506; x_wconf 86' lang='grc'>8.</span> <span class='ocrx_word' id='word_1_75' title='bbox 1098 478 1183 514; x_wconf 88' lang='grc'>1323,</span> <span class='ocrx_word' id='word_1_76' title='bbox 1206 478 1286 509; x_wconf 83' lang='lat' dir='ltr'>obiit</span> <span class='ocrx_word' id='word_1_77' title='bbox 1310 480 1385 509; x_wconf 88' lang='grc'>1332</span> <span class='ocrx_word' id='word_1_78' title='bbox 1408 491 1436 510; x_wconf 87' lang='lat' dir='ltr'>v.</span> <span class='ocrx_word' id='word_1_79' title='bbox 1463 482 1576 520; x_wconf 85' lang='lat'>1333.2)</span> 
     </span>
     <span class='ocr_line' id='line_1_7' title="bbox 75 520 1345 566; baseline 0.009 -16"><span class='ocrx_word' id='word_1_80' title='bbox 75 520 277 552; x_wconf 81' lang='lat' dir='ltr'>Annibaldus</span> <span class='ocrx_word' id='word_1_81' title='bbox 295 520 335 552; x_wconf 93' lang='lat' dir='ltr'>de</span> <span class='ocrx_word' id='word_1_82' title='bbox 354 521 506 559; x_wconf 83' lang='lat' dir='ltr'>Ceceano,</span> <span class='ocrx_word' id='word_1_83' title='bbox 527 523 577 553; x_wconf 88' lang='lat' dir='ltr'>tit.</span> <span class='ocrx_word' id='word_1_84' title='bbox 598 534 621 554; x_wconf 85' lang='lat' dir='ltr'>s.</span> <span class='ocrx_word' id='word_1_85' title='bbox 642 523 736 555; x_wconf 87' lang='lat' dir='ltr'>Laur.</span> <span class='ocrx_word' id='word_1_86' title='bbox 758 526 789 556; x_wconf 90' lang='lat' dir='ltr'>in</span> <span class='ocrx_word' id='word_1_87' title='bbox 808 525 896 563; x_wconf 63' lang='lat' dir='ltr'>Luc„</span> <span class='ocrx_word' id='word_1_88' title='bbox 917 528 1026 558; x_wconf 85' lang='lat' dir='ltr'>transl.</span> <span class='ocrx_word' id='word_1_89' title='bbox 1050 531 1136 566; x_wconf 84' lang='lat'>1333,</span> <span class='ocrx_word' id='word_1_90' title='bbox 1157 530 1237 561; x_wconf 91' lang='lat' dir='ltr'>obiit</span> <span class='ocrx_word' id='word_1_91' title='bbox 1258 533 1345 562; x_wconf 90' lang='grc'>1350.</span> 
     </span>
    </p>

    <p class='ocr_par' dir='ltr' id='par_1_4' title="bbox 72 573 1727 670">
     <span class='ocr_line' id='line_1_8' title="bbox 73 573 1727 622; baseline 0.008 -16"><span class='ocrx_word' id='word_1_92' title='bbox 73 573 254 606; x_wconf 82' lang='lat' dir='ltr'>&#39;Guilelmus</span> <span class='ocrx_word' id='word_1_93' title='bbox 272 574 312 605; x_wconf 91' lang='lat' dir='ltr'>de</span> <span class='ocrx_word' id='word_1_94' title='bbox 332 574 427 606; x_wconf 88' lang='lat' dir='ltr'>Curte</span> <span class='ocrx_word' id='word_1_95' title='bbox 447 575 484 606; x_wconf 90' lang='lat' dir='ltr'>O.</span> <span class='ocrx_word' id='word_1_96' title='bbox 508 575 538 606; x_wconf 91' lang='lat' dir='ltr'>S.</span> <span class='ocrx_word' id='word_1_97' title='bbox 561 576 608 613; x_wconf 66' lang='lat' dir='ltr'>B„</span> <span class='ocrx_word' id='word_1_98' title='bbox 630 578 680 608; x_wconf 88' lang='lat' dir='ltr'>tit.</span> <span class='ocrx_word' id='word_1_99' title='bbox 702 588 741 608; x_wconf 88' lang='lat' dir='ltr'>ss.</span> <span class='ocrx_word' id='word_1_100' title='bbox 764 578 809 609; x_wconf 91' lang='lat' dir='ltr'>IV</span> <span class='ocrx_word' id='word_1_101' title='bbox 829 579 951 617; x_wconf 66' lang='lat' dir='ltr'>Coron„</span> <span class='ocrx_word' id='word_1_102' title='bbox 973 582 1082 612; x_wconf 86' lang='lat' dir='ltr'>transl.</span> <span class='ocrx_word' id='word_1_103' title='bbox 1107 584 1184 613; x_wconf 96' lang='lat'>1350</span> <span class='ocrx_word' id='word_1_104' title='bbox 1204 585 1278 615; x_wconf 89' lang='lat' dir='ltr'>Dec.</span> <span class='ocrx_word' id='word_1_105' title='bbox 1302 587 1349 622; x_wconf 83' lang='lat'>18,</span> <span class='ocrx_word' id='word_1_106' title='bbox 1370 586 1450 617; x_wconf 93' lang='lat' dir='ltr'>obiit</span> <span class='ocrx_word' id='word_1_107' title='bbox 1472 589 1545 617; x_wconf 87' lang='lat'>1361</span> <span class='ocrx_word' id='word_1_108' title='bbox 1570 588 1659 620; x_wconf 89' lang='lat' dir='ltr'>Junii</span> <span class='ocrx_word' id='word_1_109' title='bbox 1681 591 1727 620; x_wconf 89' lang='lat'>12.</span> 
     </span>
     <span class='ocr_line' id='line_1_9' title="bbox 72 627 1278 670; baseline 0.008 -12"><span class='ocrx_word' id='word_1_110' title='bbox 72 627 226 659; x_wconf 85' lang='lat' dir='ltr'>Nicolaus</span> <span class='ocrx_word' id='word_1_111' title='bbox 248 628 386 668; x_wconf 80' lang='lat' dir='ltr'>Capocii,</span> <span class='ocrx_word' id='word_1_112' title='bbox 411 629 461 659; x_wconf 88' lang='lat' dir='ltr'>tit.</span> <span class='ocrx_word' id='word_1_113' title='bbox 487 639 510 659; x_wconf 88' lang='lat' dir='ltr'>s.</span> <span class='ocrx_word' id='word_1_114' title='bbox 535 629 660 667; x_wconf 85' lang='lat' dir='ltr'>Vitalis,</span> <span class='ocrx_word' id='word_1_115' title='bbox 685 632 794 662; x_wconf 83' lang='lat' dir='ltr'>transl.</span> <span class='ocrx_word' id='word_1_116' title='bbox 822 634 910 670; x_wconf 85' lang='lat'>1361,</span> <span class='ocrx_word' id='word_1_117' title='bbox 934 634 1013 665; x_wconf 90' lang='lat' dir='ltr'>obiit</span> <span class='ocrx_word' id='word_1_118' title='bbox 1038 637 1115 666; x_wconf 87' lang='lat'>1368</span> <span class='ocrx_word' id='word_1_119' title='bbox 1141 637 1205 667; x_wconf 87' lang='lat' dir='ltr'>Jul.</span> <span class='ocrx_word' id='word_1_120' title='bbox 1230 639 1278 668; x_wconf 87' lang='grc'>26.</span> 
     </span>
    </p>

    <p class='ocr_par' dir='ltr' id='par_1_5' title="bbox 74 680 1445 732">
     <span class='ocr_line' id='line_1_10' title="bbox 74 680 1445 732; baseline 0.009 -21"><span class='ocrx_word' id='word_1_121' title='bbox 74 680 226 722; x_wconf 85' lang='lat' dir='ltr'>Aegidius</span> <span class='ocrx_word' id='word_1_122' title='bbox 247 680 286 712; x_wconf 91' lang='lat' dir='ltr'>de</span> <span class='ocrx_word' id='word_1_123' title='bbox 308 681 527 719; x_wconf 71' lang='lat' dir='ltr'>Monteacum,</span> <span class='ocrx_word' id='word_1_124' title='bbox 551 684 602 714; x_wconf 89' lang='lat' dir='ltr'>tit.</span> <span class='ocrx_word' id='word_1_125' title='bbox 626 694 649 714; x_wconf 83' lang='lat' dir='ltr'>s.</span> <span class='ocrx_word' id='word_1_126' title='bbox 674 684 814 722; x_wconf 84' lang='lat' dir='ltr'>Martini,</span> <span class='ocrx_word' id='word_1_127' title='bbox 838 687 948 717; x_wconf 83' lang='lat' dir='ltr'>transl.</span> <span class='ocrx_word' id='word_1_128' title='bbox 974 689 1062 725; x_wconf 85' lang='lat'>1368,</span> <span class='ocrx_word' id='word_1_129' title='bbox 1085 689 1166 720; x_wconf 84' lang='lat' dir='ltr'>obiit</span> <span class='ocrx_word' id='word_1_130' title='bbox 1190 691 1267 721; x_wconf 88' lang='lat'>1378</span> <span class='ocrx_word' id='word_1_131' title='bbox 1291 692 1365 722; x_wconf 82' lang='lat' dir='ltr'>Dec.</span> <span class='ocrx_word' id='word_1_132' title='bbox 1389 693 1445 732; x_wconf 84' lang='lat'>5.³)</span> 
     </span>
    </p>

    <p class='ocr_par' dir='ltr' id='par_1_6' title="bbox 73 734 1439 778">
     <span class='ocr_line' id='line_1_11' title="bbox 73 734 1439 778; baseline 0.007 -12"><span class='ocrx_word' id='word_1_133' title='bbox 73 734 252 766; x_wconf 83' lang='lat' dir='ltr'>Guilelmus</span> <span class='ocrx_word' id='word_1_134' title='bbox 274 734 313 765; x_wconf 94' lang='lat' dir='ltr'>de</span> <span class='ocrx_word' id='word_1_135' title='bbox 336 734 494 772; x_wconf 82' lang='lat' dir='ltr'>Chanaco,</span> <span class='ocrx_word' id='word_1_136' title='bbox 518 736 568 766; x_wconf 84' lang='lat' dir='ltr'>tit.</span> <span class='ocrx_word' id='word_1_137' title='bbox 593 747 616 767; x_wconf 85' lang='lat' dir='ltr'>s.</span> <span class='ocrx_word' id='word_1_138' title='bbox 641 737 764 774; x_wconf 86' lang='lat' dir='ltr'>Vitalis,</span> <span class='ocrx_word' id='word_1_139' title='bbox 789 739 898 769; x_wconf 82' lang='lat' dir='ltr'>transl.</span> <span class='ocrx_word' id='word_1_140' title='bbox 923 751 949 770; x_wconf 85' lang='lat' dir='ltr'>a.</span> <span class='ocrx_word' id='word_1_141' title='bbox 977 742 1063 778; x_wconf 85' lang='lat'>1383,</span> <span class='ocrx_word' id='word_1_142' title='bbox 1087 742 1168 773; x_wconf 90' lang='lat' dir='ltr'>obiit</span> <span class='ocrx_word' id='word_1_143' title='bbox 1192 745 1268 774; x_wconf 83' lang='lat'>1383</span> <span class='ocrx_word' id='word_1_144' title='bbox 1292 745 1366 775; x_wconf 92' lang='lat' dir='ltr'>Dec.</span> <span class='ocrx_word' id='word_1_145' title='bbox 1391 746 1439 776; x_wconf 90' lang='lat'>30.</span> 
     </span>
    </p>

    <p class='ocr_par' dir='ltr' id='par_1_7' title="bbox 69 785 1418 834">
     <span class='ocr_line' id='line_1_12' title="bbox 69 785 1418 834; baseline 0.008 -16"><span class='ocrx_word' id='word_1_146' title='bbox 69 785 179 819; x_wconf 82' lang='lat' dir='ltr'>Pileus</span> <span class='ocrx_word' id='word_1_147' title='bbox 197 787 237 819; x_wconf 92' lang='lat' dir='ltr'>de</span> <span class='ocrx_word' id='word_1_148' title='bbox 256 788 364 825; x_wconf 74' lang='lat' dir='ltr'>Prata,</span> <span class='ocrx_word' id='word_1_149' title='bbox 386 789 436 819; x_wconf 87' lang='lat' dir='ltr'>tit.</span> <span class='ocrx_word' id='word_1_150' title='bbox 458 799 480 819; x_wconf 86' lang='lat' dir='ltr'>s.</span> <span class='ocrx_word' id='word_1_151' title='bbox 503 789 656 821; x_wconf 84' lang='lat' dir='ltr'>Praxedis</span> <span class='ocrx_word' id='word_1_152' title='bbox 675 791 830 829; x_wconf 89' lang='lat' dir='ltr'>(XXVII,</span> <span class='ocrx_word' id='word_1_153' title='bbox 851 794 892 831; x_wconf 93' lang='grc'>2),</span> <span class='ocrx_word' id='word_1_154' title='bbox 914 794 1023 825; x_wconf 83' lang='lat' dir='ltr'>transl.</span> <span class='ocrx_word' id='word_1_155' title='bbox 1048 796 1162 834; x_wconf 81' lang='grc'>13844),</span> <span class='ocrx_word' id='word_1_156' title='bbox 1182 796 1262 827; x_wconf 89' lang='lat' dir='ltr'>obiit</span> <span class='ocrx_word' id='word_1_157' title='bbox 1282 809 1307 828; x_wconf 85' lang='lat' dir='ltr'>c.</span> <span class='ocrx_word' id='word_1_158' title='bbox 1331 799 1418 829; x_wconf 84' lang='lat'>1400.</span> 
     </span>
    </p>

    <p class='ocr_par' dir='ltr' id='par_1_8' title="bbox 71 841 1377 885">
     <span class='ocr_line' id='line_1_13' title="bbox 71 841 1377 885; baseline 0.008 -13"><span class='ocrx_word' id='word_1_159' title='bbox 71 841 218 873; x_wconf 64' lang='lat' dir='ltr'>vJoannes</span> <span class='ocrx_word' id='word_1_160' title='bbox 239 841 377 872; x_wconf 83' lang='lat' dir='ltr'>Rolandi</span> <span class='ocrx_word' id='word_1_161' title='bbox 399 842 522 881; x_wconf 88' lang='lat' dir='ltr'>(XXX,</span> <span class='ocrx_word' id='word_1_162' title='bbox 545 844 608 882; x_wconf 86' lang='lat'>25),</span> <span class='ocrx_word' id='word_1_163' title='bbox 631 844 672 874; x_wconf 86' lang='lat' dir='ltr'>tit</span> <span class='ocrx_word' id='word_1_164' title='bbox 676 869 816 881; x_wconf 89' lang='grc'>......</span> <span class='ocrx_word' id='word_1_165' title='bbox 840 846 949 877; x_wconf 84' lang='lat' dir='ltr'>transl.</span> <span class='ocrx_word' id='word_1_166' title='bbox 973 858 1000 878; x_wconf 87' lang='lat' dir='ltr'>a.</span> <span class='ocrx_word' id='word_1_167' title='bbox 1026 850 1113 885; x_wconf 83' lang='lat'>1385,</span> <span class='ocrx_word' id='word_1_168' title='bbox 1136 849 1216 880; x_wconf 87' lang='lat' dir='ltr'>obiit</span> <span class='ocrx_word' id='word_1_169' title='bbox 1237 861 1264 881; x_wconf 87' lang='lat' dir='ltr'>a.</span> <span class='ocrx_word' id='word_1_170' title='bbox 1290 853 1377 882; x_wconf 85' lang='lat'>1388.</span> 
     </span>
    </p>

    <p class='ocr_par' dir='ltr' id='par_1_9' title="bbox 75 894 1362 944">
     <span class='ocr_line' id='line_1_14' title="bbox 75 894 1362 944; baseline 0.007 -18"><span class='ocrx_word' id='word_1_171' title='bbox 75 894 217 926; x_wconf 79' lang='lat' dir='ltr'>Joannes</span> <span class='ocrx_word' id='word_1_172' title='bbox 237 894 277 926; x_wconf 87' lang='lat' dir='ltr'>de</span> <span class='ocrx_word' id='word_1_173' title='bbox 300 895 450 936; x_wconf 79' lang='lat' dir='ltr'>Grangia,</span> <span class='ocrx_word' id='word_1_174' title='bbox 473 897 523 927; x_wconf 88' lang='lat' dir='ltr'>tit.</span> <span class='ocrx_word' id='word_1_175' title='bbox 548 907 570 927; x_wconf 76' lang='lat' dir='ltr'>S.</span> <span class='ocrx_word' id='word_1_176' title='bbox 591 897 743 934; x_wconf 80' lang='lat' dir='ltr'>Marcelli,</span> <span class='ocrx_word' id='word_1_177' title='bbox 767 899 876 930; x_wconf 84' lang='lat' dir='ltr'>transl.</span> <span class='ocrx_word' id='word_1_178' title='bbox 902 901 989 937; x_wconf 80' lang='grc'>1394,</span> <span class='ocrx_word' id='word_1_179' title='bbox 1012 901 1092 932; x_wconf 87' lang='lat' dir='ltr'>obiit</span> <span class='ocrx_word' id='word_1_180' title='bbox 1116 903 1193 933; x_wconf 86' lang='lat'>1402</span> <span class='ocrx_word' id='word_1_181' title='bbox 1216 904 1290 944; x_wconf 87' lang='lat' dir='ltr'>Apr.</span> <span class='ocrx_word' id='word_1_182' title='bbox 1313 906 1362 935; x_wconf 85' lang='lat'>24.</span> 
     </span>
    </p>

    <p class='ocr_par' dir='ltr' id='par_1_10' title="bbox 73 947 1348 992">
     <span class='ocr_line' id='line_1_15' title="bbox 73 947 1348 992; baseline 0.008 -14"><span class='ocrx_word' id='word_1_183' title='bbox 73 947 188 979; x_wconf 84' lang='lat' dir='ltr'>Petrus</span> <span class='ocrx_word' id='word_1_184' title='bbox 209 948 351 992; x_wconf 78' lang='lat' dir='ltr'>Gerardi,</span> <span class='ocrx_word' id='word_1_185' title='bbox 374 949 423 980; x_wconf 75' lang='lat' dir='ltr'>tit.</span> <span class='ocrx_word' id='word_1_186' title='bbox 446 960 469 979; x_wconf 90' lang='lat' dir='ltr'>s.</span> <span class='ocrx_word' id='word_1_187' title='bbox 491 949 578 981; x_wconf 86' lang='lat' dir='ltr'>Petri</span> <span class='ocrx_word' id='word_1_188' title='bbox 598 950 639 981; x_wconf 85' lang='lat' dir='ltr'>ad</span> <span class='ocrx_word' id='word_1_189' title='bbox 659 951 753 988; x_wconf 66' lang='lat' dir='ltr'>vino,</span> <span class='ocrx_word' id='word_1_190' title='bbox 776 952 884 983; x_wconf 82' lang='lat' dir='ltr'>transl.</span> <span class='ocrx_word' id='word_1_191' title='bbox 909 954 996 991; x_wconf 85' lang='lat'>1402,</span> <span class='ocrx_word' id='word_1_192' title='bbox 1018 954 1098 986; x_wconf 89' lang='lat' dir='ltr'>obiit</span> <span class='ocrx_word' id='word_1_193' title='bbox 1119 957 1197 986; x_wconf 88' lang='lat'>1415</span> <span class='ocrx_word' id='word_1_194' title='bbox 1218 956 1298 988; x_wconf 91' lang='lat' dir='ltr'>Nov.</span> <span class='ocrx_word' id='word_1_195' title='bbox 1320 959 1348 988; x_wconf 84' lang='lat'>9.</span> 
     </span>
    </p>

    <p class='ocr_par' dir='ltr' id='par_1_11' title="bbox 66 1000 1622 1099">
     <span class='ocr_line' id='line_1_16' title="bbox 66 1000 1622 1045; baseline 0.008 -14"><span class='ocrx_word' id='word_1_196' title='bbox 66 1000 229 1033; x_wconf 86' lang='lat' dir='ltr'>Henricus</span> <span class='ocrx_word' id='word_1_197' title='bbox 249 1001 289 1032; x_wconf 90' lang='lat' dir='ltr'>de</span> <span class='ocrx_word' id='word_1_198' title='bbox 309 1002 486 1039; x_wconf 80' lang='lat' dir='ltr'>MinutuliS,</span> <span class='ocrx_word' id='word_1_199' title='bbox 510 1003 568 1034; x_wconf 74' lang='lat' dir='ltr'>tit.&#39;</span> <span class='ocrx_word' id='word_1_200' title='bbox 584 1014 606 1034; x_wconf 87' lang='lat' dir='ltr'>s.</span> <span class='ocrx_word' id='word_1_201' title='bbox 631 1004 754 1041; x_wconf 85' lang='lat' dir='ltr'>Anast.‚</span> <span class='ocrx_word' id='word_1_202' title='bbox 777 1006 886 1037; x_wconf 83' lang='lat' dir='ltr'>transl.</span> <span class='ocrx_word' id='word_1_203' title='bbox 912 1008 999 1044; x_wconf 87' lang='lat'>1405,</span> <span class='ocrx_word' id='word_1_204' title='bbox 1022 1009 1134 1039; x_wconf 80' lang='lat' dir='ltr'>transf.</span> <span class='ocrx_word' id='word_1_205' title='bbox 1158 1009 1199 1040; x_wconf 85' lang='lat' dir='ltr'>ad</span> <span class='ocrx_word' id='word_1_206' title='bbox 1222 1009 1369 1042; x_wconf 85' lang='lat' dir='ltr'>Sabinen.</span> <span class='ocrx_word' id='word_1_207' title='bbox 1396 1013 1471 1042; x_wconf 84' lang='lat'>1409</span> <span class='ocrx_word' id='word_1_208' title='bbox 1495 1013 1572 1044; x_wconf 87' lang='lat' dir='ltr'>Julii</span> <span class='ocrx_word' id='word_1_209' title='bbox 1594 1015 1622 1045; x_wconf 86' lang='lat'>2.</span> 
     </span>
     <span class='ocr_line' id='line_1_17' title="bbox 66 1054 1438 1099; baseline 0.008 -14"><span class='ocrx_word' id='word_1_210' title='bbox 66 1054 210 1096; x_wconf 80' lang='lat' dir='ltr'><strong>Angelus</strong></span> <span class='ocrx_word' id='word_1_211' title='bbox 230 1055 386 1092; x_wconf 67' lang='lat' dir='ltr'>Coranus,</span> <span class='ocrx_word' id='word_1_212' title='bbox 407 1055 484 1087; x_wconf 90' lang='lat' dir='ltr'>olim</span> <span class='ocrx_word' id='word_1_213' title='bbox 506 1057 675 1097; x_wconf 82' lang='lat' dir='ltr'><strong>Gregorius</strong></span> <span class='ocrx_word' id='word_1_214' title='bbox 696 1069 725 1099; x_wconf 94' lang='lat' dir='ltr'>p.</span> <span class='ocrx_word' id='word_1_215' title='bbox 750 1059 828 1095; x_wconf 78' lang='lat' dir='ltr'>XII,</span> <span class='ocrx_word' id='word_1_216' title='bbox 850 1060 959 1090; x_wconf 81' lang='lat' dir='ltr'>transl.</span> <span class='ocrx_word' id='word_1_217' title='bbox 985 1062 1071 1098; x_wconf 86' lang='lat'>1415,</span> <span class='ocrx_word' id='word_1_218' title='bbox 1093 1062 1174 1093; x_wconf 93' lang='lat' dir='ltr'>obiit</span> <span class='ocrx_word' id='word_1_219' title='bbox 1196 1063 1273 1094; x_wconf 89' lang='lat'>1417</span> <span class='ocrx_word' id='word_1_220' title='bbox 1297 1065 1366 1096; x_wconf 91' lang='lat' dir='ltr'>Oct.</span> <span class='ocrx_word' id='word_1_221' title='bbox 1392 1067 1438 1096; x_wconf 89' lang='grc'>18.</span> 
     </span>
    </p>

    <p class='ocr_par' dir='ltr' id='par_1_12' title="bbox 65 1108 1658 1207">
     <span class='ocr_line' id='line_1_18' title="bbox 71 1108 1658 1160; baseline 0.008 -21"><span class='ocrx_word' id='word_1_222' title='bbox 71 1108 242 1140; x_wconf 82' lang='lat' dir='ltr'>Baldassar</span> <span class='ocrx_word' id='word_1_223' title='bbox 262 1109 368 1146; x_wconf 81' lang='lat' dir='ltr'>Cossa,</span> <span class='ocrx_word' id='word_1_224' title='bbox 390 1109 466 1140; x_wconf 87' lang='lat' dir='ltr'>olim</span> <span class='ocrx_word' id='word_1_225' title='bbox 489 1110 631 1142; x_wconf 85' lang='lat' dir='ltr'>Joannes</span> <span class='ocrx_word' id='word_1_226' title='bbox 653 1122 681 1152; x_wconf 91' lang='lat' dir='ltr'>p.</span> <span class='ocrx_word' id='word_1_227' title='bbox 705 1112 835 1149; x_wconf 92' lang='lat' dir='ltr'>XXIII,</span> <span class='ocrx_word' id='word_1_228' title='bbox 859 1114 967 1144; x_wconf 86' lang='lat' dir='ltr'>transl.</span> <span class='ocrx_word' id='word_1_229' title='bbox 994 1116 1070 1145; x_wconf 87' lang='grc'>1419</span> <span class='ocrx_word' id='word_1_230' title='bbox 1094 1116 1183 1147; x_wconf 89' lang='lat' dir='ltr'>Junii</span> <span class='ocrx_word' id='word_1_231' title='bbox 1204 1118 1252 1153; x_wconf 87' lang='lat'>23,</span> <span class='ocrx_word' id='word_1_232' title='bbox 1275 1117 1356 1149; x_wconf 91' lang='lat' dir='ltr'>obiit</span> <span class='ocrx_word' id='word_1_233' title='bbox 1379 1119 1455 1149; x_wconf 83' lang='lat'>1419</span> <span class='ocrx_word' id='word_1_234' title='bbox 1478 1119 1558 1150; x_wconf 90' lang='lat' dir='ltr'>Nov.</span> <span class='ocrx_word' id='word_1_235' title='bbox 1582 1121 1658 1160; x_wconf 75' lang='grc'>225)</span> 
     </span>
     <span class='ocr_line' id='line_1_19' title="bbox 65 1161 1560 1207; baseline 0.008 -15"><span class='ocrx_word' id='word_1_236' title='bbox 65 1161 230 1194; x_wconf 60' lang='lat' dir='ltr'>&gt;Antonius</span> <span class='ocrx_word' id='word_1_237' title='bbox 251 1163 455 1199; x_wconf 80' lang='lat' dir='ltr'>Pancerinus‚</span> <span class='ocrx_word' id='word_1_238' title='bbox 479 1164 529 1194; x_wconf 88' lang='lat' dir='ltr'>tit.</span> <span class='ocrx_word' id='word_1_239' title='bbox 554 1175 577 1194; x_wconf 76' lang='lat' dir='ltr'>s,</span> <span class='ocrx_word' id='word_1_240' title='bbox 605 1165 777 1202; x_wconf 75' lang='lat' dir='ltr'>Susannae,</span> <span class='ocrx_word' id='word_1_241' title='bbox 802 1167 910 1197; x_wconf 82' lang='lat' dir='ltr'>transl.</span> <span class='ocrx_word' id='word_1_242' title='bbox 938 1169 1011 1198; x_wconf 80' lang='grc'>1431</span> <span class='ocrx_word' id='word_1_243' title='bbox 1037 1169 1131 1199; x_wconf 82' lang='lat' dir='ltr'>Mart.</span> <span class='ocrx_word' id='word_1_244' title='bbox 1157 1171 1204 1207; x_wconf 92' lang='lat'>13,</span> <span class='ocrx_word' id='word_1_245' title='bbox 1227 1170 1308 1201; x_wconf 88' lang='lat' dir='ltr'>obiit</span> <span class='ocrx_word' id='word_1_246' title='bbox 1331 1173 1405 1202; x_wconf 88' lang='grc'>1431</span> <span class='ocrx_word' id='word_1_247' title='bbox 1433 1173 1509 1203; x_wconf 89' lang='lat' dir='ltr'>Julii</span> <span class='ocrx_word' id='word_1_248' title='bbox 1532 1174 1560 1204; x_wconf 89' lang='lat'>3.</span> 
     </span>
    </p>
   </div>
   <div class='ocr_carea' id='block_1_3' title="bbox 923 1286 1453 1333">
    <p class='ocr_par' dir='ltr' id='par_1_13' title="bbox 923 1286 1453 1333">
     <span class='ocr_line' id='line_1_20' title="bbox 923 1286 1453 1333; baseline 0.008 -13"><span class='ocrx_word' id='word_1_249' title='bbox 923 1286 968 1320; x_wconf 82' lang='lat' dir='ltr'>B.</span> <span class='ocrx_word' id='word_1_250' title='bbox 1007 1287 1453 1333; x_wconf 77' lang='lat' dir='ltr'>Presbyteri.</span> 
     </span>
    </p>
   </div>
   <div class='ocr_carea' id='block_1_4' title="bbox 998 1374 1379 1414">
    <p class='ocr_par' dir='ltr' id='par_1_14' title="bbox 998 1374 1379 1414">
     <span class='ocr_line' id='line_1_21' title="bbox 998 1374 1379 1414; baseline 0.005 -10"><span class='ocrx_word' id='word_1_251' title='bbox 998 1374 1027 1404; x_wconf 91' lang='lat' dir='ltr'>S.</span> <span class='ocrx_word' id='word_1_252' title='bbox 1054 1374 1379 1414; x_wconf 81' lang='lat' dir='ltr'>Anastasiae.¹)</span> 
     </span>
    </p>
   </div>
   <div class='ocr_carea' id='block_1_5' title="bbox 59 1436 1976 1971">
    <p class='ocr_par' dir='ltr' id='par_1_15' title="bbox 64 1436 806 1480">
     <span class='ocr_line' id='line_1_22' title="bbox 64 1436 806 1480; baseline 0.004 -10"><span class='ocrx_word' id='word_1_253' title='bbox 64 1436 225 1480; x_wconf 59' lang='lat' dir='ltr'>&#39;Rogerius</span> <span class='ocrx_word' id='word_1_254' title='bbox 244 1439 283 1479; x_wconf 93' lang='lat' dir='ltr'>(I,</span> <span class='ocrx_word' id='word_1_255' title='bbox 305 1441 366 1479; x_wconf 93' lang='lat' dir='ltr'>ll),</span> <span class='ocrx_word' id='word_1_256' title='bbox 387 1451 487 1480; x_wconf 89' lang='lat' dir='ltr'>prom.</span> <span class='ocrx_word' id='word_1_257' title='bbox 510 1441 598 1477; x_wconf 90' lang='grc'>1205,</span> <span class='ocrx_word' id='word_1_258' title='bbox 618 1441 699 1472; x_wconf 89' lang='lat' dir='ltr'>obiit</span> <span class='ocrx_word' id='word_1_259' title='bbox 720 1444 806 1473; x_wconf 89' lang='lat'>1213.</span> 
     </span>
    </p>

    <p class='ocr_par' dir='ltr' id='par_1_16' title="bbox 72 1493 1024 1535">
     <span class='ocr_line' id='line_1_23' title="bbox 72 1493 1024 1535; baseline 0.004 -11"><span class='ocrx_word' id='word_1_260' title='bbox 72 1493 242 1534; x_wconf 82' lang='lat' dir='ltr'>Gregorius</span> <span class='ocrx_word' id='word_1_261' title='bbox 260 1493 443 1524; x_wconf 87' lang='lat' dir='ltr'>Theodulus</span> <span class='ocrx_word' id='word_1_262' title='bbox 462 1493 501 1533; x_wconf 92' lang='lat' dir='ltr'>(I,</span> <span class='ocrx_word' id='word_1_263' title='bbox 522 1495 584 1533; x_wconf 90' lang='grc'>26),</span> <span class='ocrx_word' id='word_1_264' title='bbox 605 1505 705 1535; x_wconf 91' lang='lat' dir='ltr'>prom.</span> <span class='ocrx_word' id='word_1_265' title='bbox 728 1497 816 1533; x_wconf 85' lang='lat'>1216,</span> <span class='ocrx_word' id='word_1_266' title='bbox 836 1496 916 1527; x_wconf 89' lang='lat' dir='ltr'>obiit</span> <span class='ocrx_word' id='word_1_267' title='bbox 937 1497 1024 1528; x_wconf 85' lang='lat'>1227.</span> 
     </span>
    </p>

    <p class='ocr_par' dir='ltr' id='par_1_17' title="bbox 68 1546 1576 1591">
     <span class='ocr_line' id='line_1_24' title="bbox 68 1546 1576 1591; baseline 0.005 -14"><span class='ocrx_word' id='word_1_268' title='bbox 68 1546 231 1578; x_wconf 76' lang='lat' dir='ltr'>Pilofortis</span> <span class='ocrx_word' id='word_1_269' title='bbox 250 1546 290 1578; x_wconf 90' lang='lat' dir='ltr'>de</span> <span class='ocrx_word' id='word_1_270' title='bbox 310 1547 502 1584; x_wconf 83' lang='lat' dir='ltr'>Rabastens,</span> <span class='ocrx_word' id='word_1_271' title='bbox 525 1559 573 1588; x_wconf 92' lang='lat' dir='ltr'>ep.</span> <span class='ocrx_word' id='word_1_272' title='bbox 596 1549 710 1580; x_wconf 85' lang='lat' dir='ltr'>Riven.</span> <span class='ocrx_word' id='word_1_273' title='bbox 733 1549 840 1588; x_wconf 92' lang='lat' dir='ltr'>(XXI,</span> <span class='ocrx_word' id='word_1_274' title='bbox 865 1551 925 1589; x_wconf 89' lang='lat'>14),</span> <span class='ocrx_word' id='word_1_275' title='bbox 948 1561 1047 1591; x_wconf 86' lang='lat' dir='ltr'>prom.</span> <span class='ocrx_word' id='word_1_276' title='bbox 1072 1552 1150 1581; x_wconf 87' lang='grc'>1320</span> <span class='ocrx_word' id='word_1_277' title='bbox 1170 1552 1245 1583; x_wconf 88' lang='lat' dir='ltr'>Dec.</span> <span class='ocrx_word' id='word_1_278' title='bbox 1267 1553 1316 1589; x_wconf 92' lang='lat'>20,</span> <span class='ocrx_word' id='word_1_279' title='bbox 1339 1553 1419 1584; x_wconf 91' lang='lat' dir='ltr'>obiit</span> <span class='ocrx_word' id='word_1_280' title='bbox 1439 1564 1464 1584; x_wconf 93' lang='grc'>8.</span> <span class='ocrx_word' id='word_1_281' title='bbox 1489 1555 1576 1585; x_wconf 87' lang='grc'>1330.</span> 
     </span>
    </p>

    <p class='ocr_par' dir='ltr' id='par_1_18' title="bbox 69 1599 1659 1646">
     <span class='ocr_line' id='line_1_25' title="bbox 69 1599 1659 1646; baseline 0.006 -16"><span class='ocrx_word' id='word_1_282' title='bbox 69 1599 244 1631; x_wconf 83' lang='lat' dir='ltr'>Ademarus</span> <span class='ocrx_word' id='word_1_283' title='bbox 263 1600 407 1638; x_wconf 89' lang='lat' dir='ltr'>Roberti,</span> <span class='ocrx_word' id='word_1_284' title='bbox 428 1602 572 1632; x_wconf 83' lang='lat' dir='ltr'>notarius</span> <span class='ocrx_word' id='word_1_285' title='bbox 590 1606 692 1642; x_wconf 85' lang='lat' dir='ltr'>apost.</span> <span class='ocrx_word' id='word_1_286' title='bbox 715 1603 858 1642; x_wconf 83' lang='lat' dir='ltr'>(XXIII,</span> <span class='ocrx_word' id='word_1_287' title='bbox 878 1603 920 1642; x_wconf 89' lang='grc'>7),</span> <span class='ocrx_word' id='word_1_288' title='bbox 941 1615 1040 1644; x_wconf 88' lang='lat' dir='ltr'>prom.</span> <span class='ocrx_word' id='word_1_289' title='bbox 1064 1606 1140 1635; x_wconf 90' lang='grc'>1342</span> <span class='ocrx_word' id='word_1_290' title='bbox 1162 1605 1249 1646; x_wconf 89' lang='lat' dir='ltr'>Sept.</span> <span class='ocrx_word' id='word_1_291' title='bbox 1269 1606 1318 1643; x_wconf 88' lang='lat'>20,</span> <span class='ocrx_word' id='word_1_292' title='bbox 1338 1606 1419 1637; x_wconf 90' lang='lat' dir='ltr'>obiit</span> <span class='ocrx_word' id='word_1_293' title='bbox 1439 1608 1516 1638; x_wconf 87' lang='grc'>1352</span> <span class='ocrx_word' id='word_1_294' title='bbox 1535 1608 1610 1639; x_wconf 84' lang='lat' dir='ltr'>Deo.</span> <span class='ocrx_word' id='word_1_295' title='bbox 1633 1610 1659 1640; x_wconf 88' lang='lat'>1.</span> 
     </span>
    </p>

    <p class='ocr_par' dir='ltr' id='par_1_19' title="bbox 62 1652 1913 1808">
     <span class='ocr_line' id='line_1_26' title="bbox 67 1652 1913 1704; baseline 0.007 -21"><span class='ocrx_word' id='word_1_296' title='bbox 67 1652 181 1684; x_wconf 87' lang='lat' dir='ltr'>Petrus</span> <span class='ocrx_word' id='word_1_297' title='bbox 202 1653 241 1685; x_wconf 90' lang='grc'>(18</span> <span class='ocrx_word' id='word_1_298' title='bbox 262 1654 487 1694; x_wconf 87' lang='lat' dir='ltr'>Monteruc(o)‚</span> <span class='ocrx_word' id='word_1_299' title='bbox 510 1655 547 1685; x_wconf 88' lang='lat' dir='ltr'>el.</span> <span class='ocrx_word' id='word_1_300' title='bbox 571 1655 748 1696; x_wconf 81' lang='lat' dir='ltr'>Pampilon.</span> <span class='ocrx_word' id='word_1_301' title='bbox 773 1657 908 1696; x_wconf 84' lang='lat' dir='ltr'>(XXIV,</span> <span class='ocrx_word' id='word_1_302' title='bbox 932 1658 974 1696; x_wconf 89' lang='grc'>4),</span> <span class='ocrx_word' id='word_1_303' title='bbox 998 1668 1097 1698; x_wconf 91' lang='lat' dir='ltr'>prom.</span> <span class='ocrx_word' id='word_1_304' title='bbox 1123 1660 1199 1688; x_wconf 87' lang='grc'>1356</span> <span class='ocrx_word' id='word_1_305' title='bbox 1222 1659 1297 1689; x_wconf 90' lang='lat' dir='ltr'>Dec.</span> <span class='ocrx_word' id='word_1_306' title='bbox 1320 1661 1370 1696; x_wconf 83' lang='lat'>23,</span> <span class='ocrx_word' id='word_1_307' title='bbox 1392 1659 1472 1691; x_wconf 88' lang='lat' dir='ltr'>obiit</span> <span class='ocrx_word' id='word_1_308' title='bbox 1495 1662 1573 1691; x_wconf 84' lang='lat'>1385</span> <span class='ocrx_word' id='word_1_309' title='bbox 1594 1662 1669 1693; x_wconf 88' lang='lat' dir='ltr'>Maii</span> <span class='ocrx_word' id='word_1_310' title='bbox 1691 1663 1730 1693; x_wconf 90' lang='lat'>30</span> <span class='ocrx_word' id='word_1_311' title='bbox 1753 1664 1829 1702; x_wconf 88' lang='lat' dir='ltr'>(non</span> <span class='ocrx_word' id='word_1_312' title='bbox 1851 1665 1913 1704; x_wconf 88' lang='lat'>20).</span> 
     </span>
     <span class='ocr_line' id='line_1_27' title="bbox 62 1707 1913 1751; baseline 0.005 -13"><span class='ocrx_word' id='word_1_313' title='bbox 62 1707 210 1738; x_wconf 63' lang='lat' dir='ltr'>&gt;Joannes</span> <span class='ocrx_word' id='word_1_314' title='bbox 229 1707 268 1738; x_wconf 90' lang='lat' dir='ltr'>de</span> <span class='ocrx_word' id='word_1_315' title='bbox 289 1707 479 1745; x_wconf 84' lang='lat' dir='ltr'>Bronhiaco,</span> <span class='ocrx_word' id='word_1_316' title='bbox 501 1719 549 1749; x_wconf 92' lang='lat' dir='ltr'>ep.</span> <span class='ocrx_word' id='word_1_317' title='bbox 571 1708 731 1740; x_wconf 87' lang='lat' dir='ltr'>Vivarien.</span> <span class='ocrx_word' id='word_1_318' title='bbox 754 1710 876 1748; x_wconf 92' lang='lat' dir='ltr'>(XXX,</span> <span class='ocrx_word' id='word_1_319' title='bbox 898 1712 961 1749; x_wconf 82' lang='lat'>26),</span> <span class='ocrx_word' id='word_1_320' title='bbox 983 1722 1082 1751; x_wconf 88' lang='lat' dir='ltr'>prom.</span> <span class='ocrx_word' id='word_1_321' title='bbox 1108 1713 1184 1742; x_wconf 86' lang='lat'>1385</span> <span class='ocrx_word' id='word_1_322' title='bbox 1207 1712 1285 1743; x_wconf 90' lang='lat' dir='ltr'>Julii</span> <span class='ocrx_word' id='word_1_323' title='bbox 1307 1714 1353 1750; x_wconf 90' lang='lat'>12,</span> <span class='ocrx_word' id='word_1_324' title='bbox 1375 1713 1428 1743; x_wconf 78' lang='lat' dir='ltr'>trs.</span> <span class='ocrx_word' id='word_1_325' title='bbox 1450 1713 1491 1744; x_wconf 81' lang='lat' dir='ltr'>ad</span> <span class='ocrx_word' id='word_1_326' title='bbox 1511 1714 1631 1746; x_wconf 86' lang='lat' dir='ltr'>Ostien.</span> <span class='ocrx_word' id='word_1_327' title='bbox 1655 1716 1732 1746; x_wconf 90' lang='grc'>1405</span> <span class='ocrx_word' id='word_1_328' title='bbox 1755 1716 1844 1748; x_wconf 90' lang='lat' dir='ltr'>Junii</span> <span class='ocrx_word' id='word_1_329' title='bbox 1865 1719 1913 1749; x_wconf 87' lang='lat'>13.</span> 
     </span>
     <span class='ocr_line' id='line_1_28' title="bbox 67 1760 1739 1808; baseline 0.005 -17"><span class='ocrx_word' id='word_1_330' title='bbox 67 1760 200 1792; x_wconf 88' lang='lat' dir='ltr'>Perinus</span> <span class='ocrx_word' id='word_1_331' title='bbox 221 1761 429 1798; x_wconf 84' lang='lat' dir='ltr'>Tomacellus‚</span> <span class='ocrx_word' id='word_1_332' title='bbox 452 1761 532 1793; x_wconf 85' lang='lat' dir='ltr'>diae.</span> <span class='ocrx_word' id='word_1_333' title='bbox 557 1773 579 1792; x_wconf 92' lang='lat' dir='ltr'>s.</span> <span class='ocrx_word' id='word_1_334' title='bbox 606 1762 730 1803; x_wconf 82' lang='lat' dir='ltr'>Georgii</span> <span class='ocrx_word' id='word_1_335' title='bbox 754 1764 908 1802; x_wconf 91' lang='lat' dir='ltr'>(XXVII,</span> <span class='ocrx_word' id='word_1_336' title='bbox 931 1766 993 1803; x_wconf 85' lang='lat'>33),</span> <span class='ocrx_word' id='word_1_337' title='bbox 1017 1765 1126 1795; x_wconf 83' lang='lat' dir='ltr'>transl.</span> <span class='ocrx_word' id='word_1_338' title='bbox 1152 1766 1239 1802; x_wconf 88' lang='lat'>1385,</span> <span class='ocrx_word' id='word_1_339' title='bbox 1263 1766 1358 1796; x_wconf 86' lang='lat' dir='ltr'>exalt.</span> <span class='ocrx_word' id='word_1_340' title='bbox 1383 1767 1413 1797; x_wconf 93' lang='lat' dir='ltr'>in</span> <span class='ocrx_word' id='word_1_341' title='bbox 1438 1766 1468 1797; x_wconf 94' lang='lat' dir='ltr'>S.</span> <span class='ocrx_word' id='word_1_342' title='bbox 1492 1767 1526 1798; x_wconf 89' lang='lat' dir='ltr'>P.</span> <span class='ocrx_word' id='word_1_343' title='bbox 1550 1768 1643 1807; x_wconf 87' lang='lat' dir='ltr'>(Bon.</span> <span class='ocrx_word' id='word_1_344' title='bbox 1666 1769 1739 1808; x_wconf 93' lang='lat' dir='ltr'>IX).</span> 
     </span>
    </p>

    <p class='ocr_par' dir='ltr' id='par_1_20' title="bbox 60 1813 1819 1913">
     <span class='ocr_line' id='line_1_29' title="bbox 60 1813 1819 1858; baseline 0.006 -14"><span class='ocrx_word' id='word_1_345' title='bbox 60 1813 223 1846; x_wconf 86' lang='lat' dir='ltr'>Henricus</span> <span class='ocrx_word' id='word_1_346' title='bbox 242 1814 281 1846; x_wconf 91' lang='lat' dir='ltr'>de</span> <span class='ocrx_word' id='word_1_347' title='bbox 302 1814 479 1852; x_wconf 73' lang='lat' dir='ltr'>Minutulis‚</span> <span class='ocrx_word' id='word_1_348' title='bbox 501 1826 570 1856; x_wconf 81' lang='lat' dir='ltr'>aep.</span> <span class='ocrx_word' id='word_1_349' title='bbox 594 1815 725 1857; x_wconf 86' lang='lat' dir='ltr'>Neapol.</span> <span class='ocrx_word' id='word_1_350' title='bbox 749 1817 922 1856; x_wconf 88' lang='lat' dir='ltr'>(XXVIII,</span> <span class='ocrx_word' id='word_1_351' title='bbox 947 1819 986 1856; x_wconf 92' lang='lat'>1),</span> <span class='ocrx_word' id='word_1_352' title='bbox 1009 1829 1108 1858; x_wconf 93' lang='lat' dir='ltr'>prom.</span> <span class='ocrx_word' id='word_1_353' title='bbox 1135 1820 1211 1849; x_wconf 87' lang='grc'>1389</span> <span class='ocrx_word' id='word_1_354' title='bbox 1233 1819 1308 1849; x_wconf 82' lang='lat' dir='ltr'>Dec.</span> <span class='ocrx_word' id='word_1_355' title='bbox 1333 1820 1379 1856; x_wconf 88' lang='lat'>18,</span> <span class='ocrx_word' id='word_1_356' title='bbox 1402 1820 1454 1850; x_wconf 83' lang='lat' dir='ltr'>trf.</span> <span class='ocrx_word' id='word_1_357' title='bbox 1478 1820 1519 1851; x_wconf 84' lang='lat' dir='ltr'>ad</span> <span class='ocrx_word' id='word_1_358' title='bbox 1540 1821 1707 1853; x_wconf 86' lang='lat' dir='ltr'>Tusculan.</span> <span class='ocrx_word' id='word_1_359' title='bbox 1731 1824 1819 1854; x_wconf 89' lang='lat'>1405.</span> 
     </span>
     <span class='ocr_line' id='line_1_30' title="bbox 67 1867 1682 1913; baseline 0.004 -15"><span class='ocrx_word' id='word_1_360' title='bbox 67 1867 254 1899; x_wconf 73' lang='lat' dir='ltr'>Vincentius</span> <span class='ocrx_word' id='word_1_361' title='bbox 274 1869 359 1909; x_wconf 91' lang='lat' dir='ltr'>prior</span> <span class='ocrx_word' id='word_1_362' title='bbox 380 1880 464 1899; x_wconf 91' lang='lat' dir='ltr'>mon.</span> <span class='ocrx_word' id='word_1_363' title='bbox 486 1869 702 1900; x_wconf 84' lang='lat' dir='ltr'>Montisserati</span> <span class='ocrx_word' id='word_1_364' title='bbox 724 1870 884 1909; x_wconf 83' lang='lat' dir='ltr'>(XXXII,</span> <span class='ocrx_word' id='word_1_365' title='bbox 908 1872 968 1910; x_wconf 89' lang='lat'>12),</span> <span class='ocrx_word' id='word_1_366' title='bbox 990 1882 1090 1912; x_wconf 89' lang='lat' dir='ltr'>prom.</span> <span class='ocrx_word' id='word_1_367' title='bbox 1115 1872 1192 1902; x_wconf 91' lang='grc'>1408</span> <span class='ocrx_word' id='word_1_368' title='bbox 1216 1872 1301 1913; x_wconf 89' lang='lat' dir='ltr'>Sept.</span> <span class='ocrx_word' id='word_1_369' title='bbox 1327 1874 1373 1909; x_wconf 91' lang='grc'>19,</span> <span class='ocrx_word' id='word_1_370' title='bbox 1395 1873 1475 1904; x_wconf 86' lang='lat' dir='ltr'>obiit</span> <span class='ocrx_word' id='word_1_371' title='bbox 1495 1884 1520 1904; x_wconf 92' lang='lat' dir='ltr'>c.</span> <span class='ocrx_word' id='word_1_372' title='bbox 1543 1885 1570 1905; x_wconf 84' lang='lat' dir='ltr'>a.</span> <span class='ocrx_word' id='word_1_373' title='bbox 1595 1876 1682 1906; x_wconf 91' lang='lat'>1410.</span> 
     </span>
    </p>

    <p class='ocr_par' dir='ltr' id='par_1_21' title="bbox 59 1920 1976 1971">
     <span class='ocr_line' id='line_1_31' title="bbox 59 1920 1976 1971; baseline 0.005 -19"><span class='ocrx_word' id='word_1_374' title='bbox 59 1920 242 1953; x_wconf 75' lang='lat' dir='ltr'>‘Guilelmus</span> <span class='ocrx_word' id='word_1_375' title='bbox 261 1922 407 1953; x_wconf 83' lang='lat' dir='ltr'>Dinanus</span> <span class='ocrx_word' id='word_1_376' title='bbox 427 1922 466 1953; x_wconf 91' lang='lat' dir='ltr'>de</span> <span class='ocrx_word' id='word_1_377' title='bbox 487 1922 683 1960; x_wconf 81' lang='lat' dir='ltr'>Monteforti,</span> <span class='ocrx_word' id='word_1_378' title='bbox 705 1934 753 1964; x_wconf 90' lang='lat' dir='ltr'>ep.</span> <span class='ocrx_word' id='word_1_379' title='bbox 775 1924 962 1955; x_wconf 85' lang='lat' dir='ltr'>Maclovien.</span> <span class='ocrx_word' id='word_1_380' title='bbox 986 1925 1137 1963; x_wconf 90' lang='lat' dir='ltr'>(XXXV,</span> <span class='ocrx_word' id='word_1_381' title='bbox 1161 1926 1221 1964; x_wconf 88' lang='lat'>16),</span> <span class='ocrx_word' id='word_1_382' title='bbox 1243 1936 1342 1966; x_wconf 88' lang='lat' dir='ltr'>prom.</span> <span class='ocrx_word' id='word_1_383' title='bbox 1367 1927 1445 1956; x_wconf 88' lang='lat'>1430</span> <span class='ocrx_word' id='word_1_384' title='bbox 1465 1927 1546 1958; x_wconf 92' lang='lat' dir='ltr'>Nov.</span> <span class='ocrx_word' id='word_1_385' title='bbox 1568 1929 1596 1964; x_wconf 89' lang='lat'>8,</span> <span class='ocrx_word' id='word_1_386' title='bbox 1618 1928 1698 1959; x_wconf 91' lang='lat' dir='ltr'>obiit</span> <span class='ocrx_word' id='word_1_387' title='bbox 1720 1930 1796 1960; x_wconf 90' lang='lat'>1432</span> <span class='ocrx_word' id='word_1_388' title='bbox 1820 1930 1906 1971; x_wconf 83' lang='lat' dir='ltr'>Sept.</span> <span class='ocrx_word' id='word_1_389' title='bbox 1928 1931 1976 1962; x_wconf 91' lang='lat'>27.</span> 
     </span>
    </p>
   </div>
   <div class='ocr_carea' id='block_1_6' title="bbox 926 2032 1438 2067">
    <p class='ocr_par' dir='ltr' id='par_1_22' title="bbox 926 2032 1438 2067">
     <span class='ocr_line' id='line_1_32' title="bbox 926 2032 1438 2067; baseline 0.004 -5"><span class='ocrx_word' id='word_1_390' title='bbox 926 2032 983 2062; x_wconf 92' lang='lat' dir='ltr'>Ss.</span> <span class='ocrx_word' id='word_1_391' title='bbox 1009 2032 1070 2062; x_wconf 91' lang='lat' dir='ltr'>XII</span> <span class='ocrx_word' id='word_1_392' title='bbox 1093 2032 1438 2067; x_wconf 85' lang='lat' dir='ltr'>Apostolorum.</span> 
     </span>
    </p>
   </div>
   <div class='ocr_carea' id='block_1_7' title="bbox 61 2099 1600 2410">
    <p class='ocr_par' dir='ltr' id='par_1_23' title="bbox 65 2099 1306 2143">
     <span class='ocr_line' id='line_1_33' title="bbox 65 2099 1306 2143; baseline 0.003 -13"><span class='ocrx_word' id='word_1_393' title='bbox 65 2099 242 2131; x_wconf 82' lang='lat' dir='ltr'>Pandulfus</span> <span class='ocrx_word' id='word_1_394' title='bbox 264 2100 303 2132; x_wconf 91' lang='lat' dir='ltr'>de</span> <span class='ocrx_word' id='word_1_395' title='bbox 325 2102 433 2132; x_wconf 83' lang='lat' dir='ltr'>Masca</span> <span class='ocrx_word' id='word_1_396' title='bbox 456 2103 540 2142; x_wconf 76' lang='lat' dir='ltr'>(pag.</span> <span class='ocrx_word' id='word_1_397' title='bbox 565 2104 582 2132; x_wconf 80' lang='lat'>3</span> <span class='ocrx_word' id='word_1_398' title='bbox 607 2106 672 2132; x_wconf 89' lang='lat' dir='ltr'>not.</span> <span class='ocrx_word' id='word_1_399' title='bbox 700 2104 710 2132; x_wconf 95' lang='grc'>1</span> <span class='ocrx_word' id='word_1_400' title='bbox 740 2114 785 2133; x_wconf 84' lang='lat' dir='ltr'>nr.</span> <span class='ocrx_word' id='word_1_401' title='bbox 810 2104 852 2141; x_wconf 88' lang='lat'>5),</span> <span class='ocrx_word' id='word_1_402' title='bbox 877 2113 976 2143; x_wconf 89' lang='lat' dir='ltr'>prom.</span> <span class='ocrx_word' id='word_1_403' title='bbox 1003 2104 1090 2139; x_wconf 86' lang='lat'>1182,</span> <span class='ocrx_word' id='word_1_404' title='bbox 1114 2103 1194 2134; x_wconf 92' lang='lat' dir='ltr'>obiit</span> <span class='ocrx_word' id='word_1_405' title='bbox 1218 2104 1306 2134; x_wconf 92' lang='lat'>1201.</span> 
     </span>
    </p>

    <p class='ocr_par' dir='ltr' id='par_1_24' title="bbox 61 2153 1226 2196">
     <span class='ocr_line' id='line_1_34' title="bbox 61 2153 1226 2196; baseline 0.003 -12"><span class='ocrx_word' id='word_1_406' title='bbox 61 2153 250 2194; x_wconf 38' lang='lat' dir='ltr'>&#39;Stephanus</span> <span class='ocrx_word' id='word_1_407' title='bbox 270 2154 309 2185; x_wconf 91' lang='lat' dir='ltr'>de</span> <span class='ocrx_word' id='word_1_408' title='bbox 331 2155 471 2185; x_wconf 83' lang='lat' dir='ltr'>Ceceano</span> <span class='ocrx_word' id='word_1_409' title='bbox 494 2155 529 2186; x_wconf 90' lang='lat' dir='ltr'>O.</span> <span class='ocrx_word' id='word_1_410' title='bbox 554 2156 629 2186; x_wconf 88' lang='lat' dir='ltr'>Cist.</span> <span class='ocrx_word' id='word_1_411' title='bbox 653 2156 691 2195; x_wconf 93' lang='lat' dir='ltr'>(I,</span> <span class='ocrx_word' id='word_1_412' title='bbox 715 2158 777 2194; x_wconf 81' lang='grc'>25),</span> <span class='ocrx_word' id='word_1_413' title='bbox 801 2167 900 2196; x_wconf 83' lang='lat' dir='ltr'>prom.</span> <span class='ocrx_word' id='word_1_414' title='bbox 926 2158 1013 2193; x_wconf 84' lang='lat'>1213,</span> <span class='ocrx_word' id='word_1_415' title='bbox 1036 2156 1116 2187; x_wconf 91' lang='lat' dir='ltr'>obiit</span> <span class='ocrx_word' id='word_1_416' title='bbox 1139 2156 1226 2187; x_wconf 90' lang='lat'>1227.</span> 
     </span>
    </p>

    <p class='ocr_par' dir='ltr' id='par_1_25' title="bbox 67 2206 1194 2250">
     <span class='ocr_line' id='line_1_35' title="bbox 67 2206 1194 2250; baseline 0.003 -13"><span class='ocrx_word' id='word_1_417' title='bbox 67 2206 243 2238; x_wconf 85' lang='lat' dir='ltr'>Guilelmus</span> <span class='ocrx_word' id='word_1_418' title='bbox 263 2207 420 2239; x_wconf 83' lang='lat' dir='ltr'>Talliante</span> <span class='ocrx_word' id='word_1_419' title='bbox 440 2208 475 2239; x_wconf 94' lang='grc' dir='ltr'>Ο.</span> <span class='ocrx_word' id='word_1_420' title='bbox 500 2208 529 2239; x_wconf 90' lang='lat' dir='ltr'>S.</span> <span class='ocrx_word' id='word_1_421' title='bbox 552 2209 588 2239; x_wconf 89' lang='lat' dir='ltr'>B.</span> <span class='ocrx_word' id='word_1_422' title='bbox 611 2209 660 2248; x_wconf 89' lang='lat' dir='ltr'>(V,</span> <span class='ocrx_word' id='word_1_423' title='bbox 682 2210 751 2248; x_wconf 84' lang='lat'>5)1),</span> <span class='ocrx_word' id='word_1_424' title='bbox 773 2220 872 2250; x_wconf 86' lang='lat' dir='ltr'>prom.</span> <span class='ocrx_word' id='word_1_425' title='bbox 897 2211 984 2246; x_wconf 86' lang='lat'>1244,</span> <span class='ocrx_word' id='word_1_426' title='bbox 1005 2210 1085 2240; x_wconf 87' lang='lat' dir='ltr'>obiit</span> <span class='ocrx_word' id='word_1_427' title='bbox 1106 2210 1194 2240; x_wconf 87' lang='lat'>1250.</span> 
     </span>
    </p>

    <p class='ocr_par' dir='ltr' id='par_1_26' title="bbox 66 2260 1332 2303">
     <span class='ocr_line' id='line_1_36' title="bbox 66 2260 1332 2303; baseline 0.002 -12"><span class='ocrx_word' id='word_1_428' title='bbox 66 2260 264 2292; x_wconf 87' lang='lat' dir='ltr'>Annibaldus</span> <span class='ocrx_word' id='word_1_429' title='bbox 287 2261 326 2292; x_wconf 89' lang='lat' dir='ltr'>de</span> <span class='ocrx_word' id='word_1_430' title='bbox 349 2261 482 2292; x_wconf 87' lang='lat' dir='ltr'>Molaria</span> <span class='ocrx_word' id='word_1_431' title='bbox 506 2262 541 2293; x_wconf 95' lang='lat' dir='ltr'>O.</span> <span class='ocrx_word' id='word_1_432' title='bbox 567 2262 678 2293; x_wconf 81' lang='lat' dir='ltr'>Praed.</span> <span class='ocrx_word' id='word_1_433' title='bbox 704 2262 791 2301; x_wconf 92' lang='lat' dir='ltr'>(VII,</span> <span class='ocrx_word' id='word_1_434' title='bbox 818 2264 877 2302; x_wconf 89' lang='lat'>12),</span> <span class='ocrx_word' id='word_1_435' title='bbox 902 2274 1002 2303; x_wconf 86' lang='lat' dir='ltr'>prom.</span> <span class='ocrx_word' id='word_1_436' title='bbox 1030 2265 1116 2299; x_wconf 81' lang='lat'>1262,</span> <span class='ocrx_word' id='word_1_437' title='bbox 1141 2263 1221 2294; x_wconf 91' lang='lat' dir='ltr'>obiit</span> <span class='ocrx_word' id='word_1_438' title='bbox 1245 2263 1332 2294; x_wconf 88' lang='lat'>1272.</span> 
     </span>
    </p>

    <p class='ocr_par' dir='ltr' id='par_1_27' title="bbox 65 2313 1600 2410">
     <span class='ocr_line' id='line_1_37' title="bbox 67 2313 1600 2357; baseline 0.003 -13"><span class='ocrx_word' id='word_1_439' title='bbox 67 2313 228 2345; x_wconf 80' lang='lat' dir='ltr'>Gerardus</span> <span class='ocrx_word' id='word_1_440' title='bbox 248 2315 387 2345; x_wconf 84' lang='lat' dir='ltr'>Blancus</span> <span class='ocrx_word' id='word_1_441' title='bbox 407 2315 443 2346; x_wconf 94' lang='grc' dir='ltr'>Ο.</span> <span class='ocrx_word' id='word_1_442' title='bbox 466 2316 541 2346; x_wconf 84' lang='lat' dir='ltr'>Cist.</span> <span class='ocrx_word' id='word_1_443' title='bbox 564 2316 673 2355; x_wconf 94' lang='lat' dir='ltr'>(XIII,</span> <span class='ocrx_word' id='word_1_444' title='bbox 695 2317 737 2355; x_wconf 88' lang='grc'>6),</span> <span class='ocrx_word' id='word_1_445' title='bbox 759 2327 859 2356; x_wconf 87' lang='lat' dir='ltr'>prom.</span> <span class='ocrx_word' id='word_1_446' title='bbox 883 2316 960 2346; x_wconf 88' lang='grc'>1278</span> <span class='ocrx_word' id='word_1_447' title='bbox 981 2327 1021 2346; x_wconf 91' lang='lat' dir='ltr'>m.</span> <span class='ocrx_word' id='word_1_448' title='bbox 1044 2317 1149 2353; x_wconf 60' lang='lat' dir='ltr'>Mart„</span> <span class='ocrx_word' id='word_1_449' title='bbox 1171 2316 1282 2347; x_wconf 85' lang='lat' dir='ltr'>transf.</span> <span class='ocrx_word' id='word_1_450' title='bbox 1305 2316 1344 2347; x_wconf 85' lang='lat' dir='ltr'>ad</span> <span class='ocrx_word' id='word_1_451' title='bbox 1367 2316 1474 2347; x_wconf 82' lang='lat' dir='ltr'>Sabin.</span> <span class='ocrx_word' id='word_1_452' title='bbox 1498 2318 1600 2357; x_wconf 84' lang='lat'>12812)</span> 
     </span>
     <span class='ocr_line' id='line_1_38' title="bbox 65 2366 1530 2410; baseline 0.002 -12"><span class='ocrx_word' id='word_1_453' title='bbox 65 2366 227 2398; x_wconf 86' lang='lat' dir='ltr'>Imbertus</span> <span class='ocrx_word' id='word_1_454' title='bbox 247 2368 286 2399; x_wconf 89' lang='lat' dir='ltr'>de</span> <span class='ocrx_word' id='word_1_455' title='bbox 306 2369 408 2399; x_wconf 87' lang='lat' dir='ltr'>Puteo</span> <span class='ocrx_word' id='word_1_456' title='bbox 430 2369 578 2409; x_wconf 89' lang='lat' dir='ltr'>(Dupuis,</span> <span class='ocrx_word' id='word_1_457' title='bbox 599 2369 693 2406; x_wconf 91' lang='lat' dir='ltr'>XXI,</span> <span class='ocrx_word' id='word_1_458' title='bbox 715 2371 777 2408; x_wconf 87' lang='grc'>25),</span> <span class='ocrx_word' id='word_1_459' title='bbox 799 2380 899 2410; x_wconf 86' lang='lat' dir='ltr'>prom.</span> <span class='ocrx_word' id='word_1_460' title='bbox 924 2369 999 2399; x_wconf 88' lang='lat'>1327</span> <span class='ocrx_word' id='word_1_461' title='bbox 1022 2370 1096 2400; x_wconf 81' lang='lat' dir='ltr'>Deo.</span> <span class='ocrx_word' id='word_1_462' title='bbox 1121 2371 1167 2406; x_wconf 85' lang='lat'>18,</span> <span class='ocrx_word' id='word_1_463' title='bbox 1188 2370 1268 2400; x_wconf 91' lang='lat' dir='ltr'>obiit</span> <span class='ocrx_word' id='word_1_464' title='bbox 1290 2371 1367 2400; x_wconf 75' lang='lat'>1348</span> <span class='ocrx_word' id='word_1_465' title='bbox 1387 2370 1461 2401; x_wconf 86' lang='lat' dir='ltr'>Maii</span> <span class='ocrx_word' id='word_1_466' title='bbox 1482 2372 1530 2402; x_wconf 83' lang='lat'>26.</span> 
     </span>
    </p>
   </div>
   <div class='ocr_carea' id='block_1_8' title="bbox 56 2485 2293 2660">
    <p class='ocr_par' dir='ltr' id='par_1_28' title="bbox 56 2485 2293 2660">
     <span class='ocr_line' id='line_1_39' title="bbox 521 2485 2293 2524; baseline 0.003 -12"><span class='ocrx_word' id='word_1_467' title='bbox 521 2487 664 2512; x_wconf 76' lang='lat' dir='ltr'>Tusculan.</span> <span class='ocrx_word' id='word_1_468' title='bbox 1179 2503 1180 2514; x_wconf 44' lang='lat'>1</span> <span class='ocrx_word' id='word_1_469' title='bbox 1237 2486 1319 2511; x_wconf 81' lang='lat' dir='ltr'>missa</span> <span class='ocrx_word' id='word_1_470' title='bbox 1337 2490 1379 2511; x_wconf 69' lang='lat' dir='ltr'>est</span> <span class='ocrx_word' id='word_1_471' title='bbox 1400 2495 1415 2510; x_wconf 81' lang='lat' dir='ltr'>a</span> <span class='ocrx_word' id='word_1_472' title='bbox 1433 2486 1513 2511; x_wconf 82' lang='lat' dir='ltr'>Mart.</span> <span class='ocrx_word' id='word_1_473' title='bbox 1534 2485 1558 2511; x_wconf 92' lang='lat' dir='ltr'>V</span> <span class='ocrx_word' id='word_1_474' title='bbox 1577 2487 1611 2517; x_wconf 81' lang='lat' dir='ltr'>(a.</span> <span class='ocrx_word' id='word_1_475' title='bbox 1631 2487 1646 2511; x_wconf 90' lang='lat'>3</span> <span class='ocrx_word' id='word_1_476' title='bbox 1666 2486 1726 2512; x_wconf 77' lang='lat' dir='ltr'>Lat.</span> <span class='ocrx_word' id='word_1_477' title='bbox 1746 2487 1762 2512; x_wconf 98' lang='lat'>1.</span> <span class='ocrx_word' id='word_1_478' title='bbox 1782 2495 1858 2520; x_wconf 91' lang='lat' dir='ltr'>prov.</span> <span class='ocrx_word' id='word_1_479' title='bbox 1878 2488 1896 2513; x_wconf 83' lang='lat' dir='ltr'>f.</span> <span class='ocrx_word' id='word_1_480' title='bbox 1917 2489 1960 2520; x_wconf 87' lang='lat'>68)</span> <span class='ocrx_word' id='word_1_481' title='bbox 1981 2489 2102 2514; x_wconf 79' lang='lat' dir='ltr'>Antonio</span> <span class='ocrx_word' id='word_1_482' title='bbox 2120 2490 2293 2524; x_wconf 84' lang='lat' dir='ltr'>(Pancerino)</span> 
     </span>
     <span class='ocr_line' id='line_1_40' title="bbox 135 2515 2255 2572; baseline 0.004 -19"><span class='ocrx_word' id='word_1_483' title='bbox 135 2537 156 2567; x_wconf 81' lang='lat'>2)</span> <span class='ocrx_word' id='word_1_484' title='bbox 181 2537 212 2563; x_wconf 52' lang='lat' dir='ltr'>A·</span> <span class='ocrx_word' id='word_1_485' title='bbox 241 2538 308 2563; x_wconf 77' lang='lat'>1328</span> <span class='ocrx_word' id='word_1_486' title='bbox 332 2547 353 2563; x_wconf 49' lang='grc' dir='ltr'>Ο.</span> <span class='ocrx_word' id='word_1_487' title='bbox 381 2547 415 2564; x_wconf 45' lang='grc' dir='ltr'>ἴῃ.</span> <span class='ocrx_word' id='word_1_488' title='bbox 444 2539 518 2571; x_wconf 45' lang='lat' dir='ltr'>Sept·</span> <span class='ocrx_word' id='word_1_489' title='bbox 545 2547 561 2563; x_wconf 63' lang='lat' dir='ltr'>a</span> <span class='ocrx_word' id='word_1_490' title='bbox 584 2539 643 2564; x_wconf 45' lang='lat' dir='ltr'><strong>Njc-</strong></span> <span class='ocrx_word' id='word_1_491' title='bbox 669 2539 755 2572; x_wconf 42' lang='lat' dir='ltr'>antip·</span> <span class='ocrx_word' id='word_1_492' title='bbox 782 2539 805 2564; x_wconf 77' lang='lat' dir='ltr'>V</span> <span class='ocrx_word' id='word_1_493' title='bbox 834 2542 882 2563; x_wconf 64' lang='lat' dir='ltr'>aut</span> <span class='ocrx_word' id='word_1_494' title='bbox 912 2538 1067 2563; x_wconf 51' lang='lat' dir='ltr'>Bonifatius</span> <span class='ocrx_word' id='word_1_495' title='bbox 1091 2538 1125 2563; x_wconf 70' lang='lat' dir='ltr'>(1e</span> <span class='ocrx_word' id='word_1_496' title='bbox 1179 2515 1180 2568; x_wconf 46' lang='lat'>1</span> <span class='ocrx_word' id='word_1_497' title='bbox 1237 2530 1280 2555; x_wconf 87' lang='lat' dir='ltr'>tit.</span> <span class='ocrx_word' id='word_1_498' title='bbox 1304 2539 1324 2555; x_wconf 71' lang='lat' dir='ltr'>s.</span> <span class='ocrx_word' id='word_1_499' title='bbox 1350 2531 1491 2555; x_wconf 74' lang='lat' dir='ltr'>Susannae</span> <span class='ocrx_word' id='word_1_500' title='bbox 1514 2530 1601 2563; x_wconf 83' lang='lat' dir='ltr'>presb.</span> <span class='ocrx_word' id='word_1_501' title='bbox 1625 2531 1708 2561; x_wconf 60' lang='lat' dir='ltr'>card„</span> <span class='ocrx_word' id='word_1_502' title='bbox 1731 2532 1777 2564; x_wconf 89' lang='lat' dir='ltr'>qui</span> <span class='ocrx_word' id='word_1_503' title='bbox 1802 2532 1865 2557; x_wconf 86' lang='lat'>1431</span> <span class='ocrx_word' id='word_1_504' title='bbox 1890 2533 1925 2557; x_wconf 85' lang='lat' dir='ltr'>ad</span> <span class='ocrx_word' id='word_1_505' title='bbox 1947 2533 2062 2559; x_wconf 79' lang='lat' dir='ltr'>eandem</span> <span class='ocrx_word' id='word_1_506' title='bbox 2084 2535 2255 2562; x_wconf 77' lang='lat' dir='ltr'>transfertur.</span> 
     </span>
     <span class='ocr_line' id='line_1_41' title="bbox 64 2581 1826 2615; baseline 0 -9"><span class='ocrx_word' id='word_1_507' title='bbox 64 2581 235 2607; x_wconf 82' lang='lat' dir='ltr'>Donoratico</span> <span class='ocrx_word' id='word_1_508' title='bbox 263 2583 374 2614; x_wconf 80' lang='lat' dir='ltr'>(XXIa,</span> <span class='ocrx_word' id='word_1_509' title='bbox 404 2583 430 2614; x_wconf 90' lang='grc'>3)</span> <span class='ocrx_word' id='word_1_510' title='bbox 459 2586 508 2608; x_wconf 83' lang='lat' dir='ltr'>aut</span> <span class='ocrx_word' id='word_1_511' title='bbox 543 2583 645 2608; x_wconf 83' lang='lat' dir='ltr'>Paulus</span> <span class='ocrx_word' id='word_1_512' title='bbox 677 2583 710 2608; x_wconf 81' lang='grc'>(18</span> <span class='ocrx_word' id='word_1_513' title='bbox 740 2583 863 2610; x_wconf 81' lang='lat' dir='ltr'>Viterbio</span> <span class='ocrx_word' id='word_1_514' title='bbox 897 2582 1007 2615; x_wconf 72' lang='lat' dir='ltr'>(XXIa,</span> <span class='ocrx_word' id='word_1_515' title='bbox 1040 2583 1067 2614; x_wconf 92' lang='lat'>7)</span> <span class='ocrx_word' id='word_1_516' title='bbox 1098 2583 1124 2607; x_wconf 85' lang='lat' dir='ltr'>in</span> <span class='ocrx_word' id='word_1_517' title='bbox 1611 2585 1636 2610; x_wconf 66' lang='lat' dir='ltr'>s.</span> <span class='ocrx_word' id='word_1_518' title='bbox 1657 2585 1826 2612; x_wconf 71' lang='lat' dir='ltr'>Anastasjae,</span> 
     </span>
     <span class='ocr_line' id='line_1_42' title="bbox 56 2627 2292 2660; baseline 0.003 -8"><span class='ocrx_word' id='word_1_519' title='bbox 56 2634 155 2659; x_wconf 84' lang='lat' dir='ltr'>·epum.</span> <span class='ocrx_word' id='word_1_520' title='bbox 177 2627 284 2652; x_wconf 86' lang='lat' dir='ltr'>Tuscul.</span> <span class='ocrx_word' id='word_1_521' title='bbox 308 2630 450 2660; x_wconf 83' lang='lat' dir='ltr'>promotus</span> <span class='ocrx_word' id='word_1_522' title='bbox 469 2631 518 2652; x_wconf 83' lang='lat' dir='ltr'>est.</span> <span class='ocrx_word' id='word_1_523' title='bbox 1307 2628 1326 2659; x_wconf 88' lang='lat' dir='ltr'>l)</span> <span class='ocrx_word' id='word_1_524' title='bbox 1349 2628 1427 2652; x_wconf 78' lang='lat' dir='ltr'>Hanc</span> <span class='ocrx_word' id='word_1_525' title='bbox 1449 2628 1512 2653; x_wconf 73' lang='lat' dir='ltr'>eccl.</span> <span class='ocrx_word' id='word_1_526' title='bbox 1534 2628 1628 2653; x_wconf 91' lang='lat' dir='ltr'>Innoc.</span> <span class='ocrx_word' id='word_1_527' title='bbox 1651 2628 1691 2653; x_wconf 89' lang='lat' dir='ltr'>IV</span> <span class='ocrx_word' id='word_1_528' title='bbox 1714 2629 1780 2653; x_wconf 80' lang='lat'>1254</span> <span class='ocrx_word' id='word_1_529' title='bbox 1802 2629 1879 2655; x_wconf 79' lang='lat' dir='ltr'>Febr.</span> <span class='ocrx_word' id='word_1_530' title='bbox 1905 2631 1936 2655; x_wconf 86' lang='lat'>13</span> <span class='ocrx_word' id='word_1_531' title='bbox 1957 2632 2109 2657; x_wconf 74' lang='lat' dir='ltr'>committit</span> <span class='ocrx_word' id='word_1_532' title='bbox 2132 2633 2238 2658; x_wconf 61' lang='grc' dir='ltr'>ι1118050</span> <span class='ocrx_word' id='word_1_533' title='bbox 2258 2634 2292 2659; x_wconf 87' lang='grc'>(18</span> 
     </span>
    </p>
   </div>
   <div class='ocr_carea' id='block_1_9' title="bbox 135 2672 2290 2714">
    <p class='ocr_par' dir='ltr' id='par_1_29' title="bbox 135 2672 2290 2714">
     <span class='ocr_line' id='line_1_43' title="bbox 135 2672 2290 2714; baseline 0 -10"><span class='ocrx_word' id='word_1_534' title='bbox 135 2680 156 2710; x_wconf 89' lang='lat'>³)</span> <span class='ocrx_word' id='word_1_535' title='bbox 178 2679 261 2713; x_wconf 88' lang='lat' dir='ltr'>Apud</span> <span class='ocrx_word' id='word_1_536' title='bbox 278 2680 358 2706; x_wconf 64' lang='lat' dir='ltr'>Gams</span> <span class='ocrx_word' id='word_1_537' title='bbox 376 2684 404 2706; x_wconf 90' lang='lat' dir='ltr'>et</span> <span class='ocrx_word' id='word_1_538' title='bbox 422 2681 489 2706; x_wconf 69' lang='lat' dir='ltr'>alios</span> <span class='ocrx_word' id='word_1_539' title='bbox 507 2681 542 2705; x_wconf 81' lang='lat' dir='ltr'>ad</span> <span class='ocrx_word' id='word_1_540' title='bbox 560 2689 584 2706; x_wconf 83' lang='lat' dir='ltr'>a.</span> <span class='ocrx_word' id='word_1_541' title='bbox 606 2681 672 2707; x_wconf 88' lang='lat'>1378</span> <span class='ocrx_word' id='word_1_542' title='bbox 690 2682 761 2706; x_wconf 82' lang='lat' dir='ltr'>inter</span> <span class='ocrx_word' id='word_1_543' title='bbox 779 2689 851 2714; x_wconf 79' lang='lat' dir='ltr'>epos.</span> <span class='ocrx_word' id='word_1_544' title='bbox 871 2681 1015 2705; x_wconf 60' lang='lat' dir='ltr'>Tusculum.</span> <span class='ocrx_word' id='word_1_545' title='bbox 1036 2689 1124 2705; x_wconf 81' lang='grc'>188811-</span> <span class='ocrx_word' id='word_1_546' title='bbox 1237 2672 1354 2702; x_wconf 51' lang='lat' dir='ltr'>sabellffl</span> <span class='ocrx_word' id='word_1_547' title='bbox 1380 2672 1501 2697; x_wconf 62' lang='lat' dir='ltr'>ffllbdissc·</span> <span class='ocrx_word' id='word_1_548' title='bbox 1529 2675 1556 2697; x_wconf 62' lang='lat' dir='ltr'>et</span> <span class='ocrx_word' id='word_1_549' title='bbox 1581 2672 1722 2705; x_wconf 60' lang='lat' dir='ltr'>capellano</span> <span class='ocrx_word' id='word_1_550' title='bbox 1743 2681 1792 2697; x_wconf 69' lang='lat'>⁸¹¹0</span> <span class='ocrx_word' id='word_1_551' title='bbox 1812 2674 1870 2706; x_wconf 64' lang='grc' dir='ltr'><strong>(ΟΪΓ-</strong></span> <span class='ocrx_word' id='word_1_552' title='bbox 1893 2674 1958 2705; x_wconf 72' lang='lat' dir='ltr'>VII&gt;</span> <span class='ocrx_word' id='word_1_553' title='bbox 1981 2676 2018 2706; x_wconf 68' lang='grc'>6),</span> <span class='ocrx_word' id='word_1_554' title='bbox 2039 2676 2067 2701; x_wconf 73' lang='lat' dir='ltr'>in</span> <span class='ocrx_word' id='word_1_555' title='bbox 2091 2677 2290 2703; x_wconf 71' lang='lat' dir='ltr'>commendam.</span> 
     </span>
    </p>
   </div>
   <div class='ocr_carea' id='block_1_10' title="bbox 63 2724 2292 2937">
    <p class='ocr_par' dir='ltr' id='par_1_30' title="bbox 64 2724 2291 2846">
     <span class='ocr_line' id='line_1_44' title="bbox 64 2724 1928 2764; baseline 0.002 -14"><span class='ocrx_word' id='word_1_556' title='bbox 64 2726 140 2749; x_wconf 74' lang='lat' dir='ltr'>satur</span> <span class='ocrx_word' id='word_1_557' title='bbox 152 2724 273 2750; x_wconf 79' lang='lat' dir='ltr'>Thomas</span> <span class='ocrx_word' id='word_1_558' title='bbox 285 2725 318 2750; x_wconf 88' lang='lat' dir='ltr'>de</span> <span class='ocrx_word' id='word_1_559' title='bbox 332 2725 470 2758; x_wconf 74' lang='lat' dir='ltr'>Frignano</span> <span class='ocrx_word' id='word_1_560' title='bbox 482 2725 616 2755; x_wconf 84' lang='lat' dir='ltr'>(XXVII,</span> <span class='ocrx_word' id='word_1_561' title='bbox 632 2726 669 2756; x_wconf 83' lang='lat'>1);</span> <span class='ocrx_word' id='word_1_562' title='bbox 683 2725 730 2750; x_wconf 85' lang='lat' dir='ltr'>sed</span> <span class='ocrx_word' id='word_1_563' title='bbox 742 2725 893 2750; x_wconf 75' lang='lat' dir='ltr'>secundum</span> <span class='ocrx_word' id='word_1_564' title='bbox 906 2725 1003 2750; x_wconf 67' lang='lat' dir='ltr'>contet.</span> <span class='ocrx_word' id='word_1_565' title='bbox 1019 2725 1124 2750; x_wconf 70' lang='lat' dir='ltr'>nonnisi</span> <span class='ocrx_word' id='word_1_566' title='bbox 1179 2745 1181 2764; x_wconf 21' lang='lat'>¹,</span> <span class='ocrx_word' id='word_1_567' title='bbox 1598 2727 1636 2752; x_wconf 77' lang='lat' dir='ltr'>Ss-</span> <span class='ocrx_word' id='word_1_568' title='bbox 1657 2726 1708 2752; x_wconf 83' lang='lat' dir='ltr'>XII</span> <span class='ocrx_word' id='word_1_569' title='bbox 1728 2727 1928 2756; x_wconf 80' lang='lat' dir='ltr'>Apostolorum.</span> 
     </span>
     <span class='ocr_line' id='line_1_45' title="bbox 65 2768 2291 2806; baseline 0.003 -13"><span class='ocrx_word' id='word_1_570' title='bbox 65 2768 93 2793; x_wconf 85' lang='lat' dir='ltr'>in</span> <span class='ocrx_word' id='word_1_571' title='bbox 106 2769 195 2801; x_wconf 86' lang='lat' dir='ltr'>presb.</span> <span class='ocrx_word' id='word_1_572' title='bbox 210 2769 253 2794; x_wconf 91' lang='lat' dir='ltr'>tit.</span> <span class='ocrx_word' id='word_1_573' title='bbox 269 2778 302 2795; x_wconf 79' lang='lat' dir='ltr'>ss.</span> <span class='ocrx_word' id='word_1_574' title='bbox 318 2770 399 2795; x_wconf 77' lang='lat' dir='ltr'>Nerei</span> <span class='ocrx_word' id='word_1_575' title='bbox 413 2773 439 2795; x_wconf 85' lang='lat' dir='ltr'>et</span> <span class='ocrx_word' id='word_1_576' title='bbox 454 2770 520 2795; x_wconf 78' lang='lat' dir='ltr'>Ach.</span> <span class='ocrx_word' id='word_1_577' title='bbox 537 2779 559 2795; x_wconf 82' lang='lat' dir='ltr'>a.</span> <span class='ocrx_word' id='word_1_578' title='bbox 577 2771 644 2796; x_wconf 87' lang='lat'>1378</span> <span class='ocrx_word' id='word_1_579' title='bbox 658 2773 808 2802; x_wconf 77' lang='lat' dir='ltr'>promotus,</span> <span class='ocrx_word' id='word_1_580' title='bbox 823 2769 973 2794; x_wconf 77' lang='lat' dir='ltr'>secundum</span> <span class='ocrx_word' id='word_1_581' title='bbox 987 2769 1125 2801; x_wconf 61' lang='lat' dir='ltr'>Cri-vlnlori</span> <span class='ocrx_word' id='word_1_582' title='bbox 1179 2770 1181 2800; x_wconf 64' lang='grc' dir='ltr'>ξ</span> <span class='ocrx_word' id='word_1_583' title='bbox 1307 2770 1326 2800; x_wconf 89' lang='lat'>¹)</span> <span class='ocrx_word' id='word_1_584' title='bbox 1346 2770 1423 2794; x_wconf 74' lang='lat' dir='ltr'>Inter</span> <span class='ocrx_word' id='word_1_585' title='bbox 1444 2778 1506 2794; x_wconf 84' lang='grc'>811111</span> <span class='ocrx_word' id='word_1_586' title='bbox 1527 2773 1554 2794; x_wconf 85' lang='lat' dir='ltr'>et</span> <span class='ocrx_word' id='word_1_587' title='bbox 1575 2769 1763 2795; x_wconf 81' lang='lat' dir='ltr'>Annibaldum</span> <span class='ocrx_word' id='word_1_588' title='bbox 1785 2771 1859 2803; x_wconf 86' lang='lat' dir='ltr'>apud</span> <span class='ocrx_word' id='word_1_589' title='bbox 1880 2772 2015 2804; x_wconf 80' lang='lat' dir='ltr'>quosdam</span> <span class='ocrx_word' id='word_1_590' title='bbox 2036 2774 2182 2806; x_wconf 82' lang='lat' dir='ltr'>scriptores</span> <span class='ocrx_word' id='word_1_591' title='bbox 2202 2783 2291 2800; x_wconf 87' lang='lat' dir='ltr'>recen-</span> 
     </span>
     <span class='ocr_line' id='line_1_46' title="bbox 66 2801 1754 2846; baseline 0 -8"><span class='ocrx_word' id='word_1_592' title='bbox 66 2821 83 2837; x_wconf 83' lang='lat' dir='ltr'>a</span> <span class='ocrx_word' id='word_1_593' title='bbox 105 2813 148 2838; x_wconf 86' lang='lat' dir='ltr'>tit.</span> <span class='ocrx_word' id='word_1_594' title='bbox 173 2821 193 2839; x_wconf 87' lang='lat' dir='ltr'>s.</span> <span class='ocrx_word' id='word_1_595' title='bbox 219 2813 299 2839; x_wconf 85' lang='lat' dir='ltr'>Laur.</span> <span class='ocrx_word' id='word_1_596' title='bbox 325 2814 352 2839; x_wconf 89' lang='lat' dir='ltr'>in</span> <span class='ocrx_word' id='word_1_597' title='bbox 375 2814 455 2839; x_wconf 84' lang='lat' dir='ltr'>Dam.</span> <span class='ocrx_word' id='word_1_598' title='bbox 481 2814 515 2839; x_wconf 83' lang='lat' dir='ltr'>ad</span> <span class='ocrx_word' id='word_1_599' title='bbox 539 2814 646 2839; x_wconf 84' lang='lat' dir='ltr'>Tuscul.</span> <span class='ocrx_word' id='word_1_600' title='bbox 671 2814 822 2839; x_wconf 68' lang='lat' dir='ltr'>translatus</span> <span class='ocrx_word' id='word_1_601' title='bbox 845 2818 895 2839; x_wconf 76' lang='lat' dir='ltr'>est.</span> <span class='ocrx_word' id='word_1_602' title='bbox 1179 2801 1181 2839; x_wconf 77' lang='lat' dir='ltr'>l</span> <span class='ocrx_word' id='word_1_603' title='bbox 1234 2817 1309 2838; x_wconf 79' lang='lat' dir='ltr'>setur</span> <span class='ocrx_word' id='word_1_604' title='bbox 1329 2814 1363 2838; x_wconf 81' lang='lat' dir='ltr'>ad</span> <span class='ocrx_word' id='word_1_605' title='bbox 1384 2823 1406 2838; x_wconf 78' lang='lat' dir='ltr'>a.</span> <span class='ocrx_word' id='word_1_606' title='bbox 1431 2814 1496 2838; x_wconf 76' lang='lat'>1252</span> <span class='ocrx_word' id='word_1_607' title='bbox 1516 2814 1629 2846; x_wconf 84' lang='lat' dir='ltr'>quidam</span> <span class='ocrx_word' id='word_1_608' title='bbox 1650 2814 1754 2839; x_wconf 74' lang='lat' dir='ltr'>Vitalis.</span> 
     </span>
    </p>

    <p class='ocr_par' dir='ltr' id='par_1_31' title="bbox 63 2853 2292 2937">
     <span class='ocr_line' id='line_1_47' title="bbox 136 2853 2290 2891; baseline 0.003 -9"><span class='ocrx_word' id='word_1_609' title='bbox 136 2857 157 2889; x_wconf 85' lang='lat'>⁴¹)</span> <span class='ocrx_word' id='word_1_610' title='bbox 179 2858 299 2883; x_wconf 86' lang='lat' dir='ltr'>Transiit</span> <span class='ocrx_word' id='word_1_611' title='bbox 324 2859 390 2885; x_wconf 87' lang='lat'>1387</span> <span class='ocrx_word' id='word_1_612' title='bbox 415 2858 448 2883; x_wconf 83' lang='lat' dir='ltr'>ad</span> <span class='ocrx_word' id='word_1_613' title='bbox 472 2858 525 2884; x_wconf 89' lang='lat' dir='ltr'>Cle.</span> <span class='ocrx_word' id='word_1_614' title='bbox 549 2859 613 2888; x_wconf 87' lang='lat' dir='ltr'>VII,</span> <span class='ocrx_word' id='word_1_615' title='bbox 637 2859 684 2891; x_wconf 88' lang='lat' dir='ltr'>qui</span> <span class='ocrx_word' id='word_1_616' title='bbox 707 2859 730 2883; x_wconf 89' lang='lat' dir='ltr'>ei</span> <span class='ocrx_word' id='word_1_617' title='bbox 753 2859 795 2883; x_wconf 82' lang='lat' dir='ltr'>tit.</span> <span class='ocrx_word' id='word_1_618' title='bbox 820 2867 840 2883; x_wconf 82' lang='lat' dir='ltr'>s.</span> <span class='ocrx_word' id='word_1_619' title='bbox 866 2858 972 2882; x_wconf 72' lang='lat' dir='ltr'>Priscae</span> <span class='ocrx_word' id='word_1_620' title='bbox 994 2858 1124 2887; x_wconf 55' lang='lat' dir='ltr'>commin</span> <span class='ocrx_word' id='word_1_621' title='bbox 1179 2853 1181 2863; x_wconf 81' lang='lat'><strong>¹</strong></span> <span class='ocrx_word' id='word_1_622' title='bbox 1305 2858 1325 2889; x_wconf 71' lang='lat'>²)</span> <span class='ocrx_word' id='word_1_623' title='bbox 1348 2858 1439 2890; x_wconf 74' lang='lat' dir='ltr'>Hujus</span> <span class='ocrx_word' id='word_1_624' title='bbox 1455 2858 1517 2883; x_wconf 81' lang='lat' dir='ltr'>eccl.</span> <span class='ocrx_word' id='word_1_625' title='bbox 1536 2858 1688 2883; x_wconf 87' lang='lat' dir='ltr'>commend.</span> <span class='ocrx_word' id='word_1_626' title='bbox 1706 2858 1739 2883; x_wconf 84' lang='lat' dir='ltr'>fit</span> <span class='ocrx_word' id='word_1_627' title='bbox 1755 2867 1777 2884; x_wconf 91' lang='lat' dir='ltr'>c.</span> <span class='ocrx_word' id='word_1_628' title='bbox 1795 2868 1818 2884; x_wconf 73' lang='lat' dir='ltr'>a.</span> <span class='ocrx_word' id='word_1_629' title='bbox 1838 2860 1905 2884; x_wconf 82' lang='lat'>1294</span> <span class='ocrx_word' id='word_1_630' title='bbox 1923 2860 1993 2886; x_wconf 90' lang='lat' dir='ltr'>Guil.</span> <span class='ocrx_word' id='word_1_631' title='bbox 2012 2869 2031 2886; x_wconf 83' lang='lat' dir='ltr'>s.</span> <span class='ocrx_word' id='word_1_632' title='bbox 2050 2862 2157 2887; x_wconf 76' lang='lat' dir='ltr'>Nicolai</span> <span class='ocrx_word' id='word_1_633' title='bbox 2172 2863 2200 2887; x_wconf 90' lang='lat' dir='ltr'>in</span> <span class='ocrx_word' id='word_1_634' title='bbox 2216 2863 2243 2888; x_wconf 87' lang='lat' dir='ltr'>C.</span> <span class='ocrx_word' id='word_1_635' title='bbox 2261 2863 2290 2889; x_wconf 88' lang='lat' dir='ltr'>T.</span> 
     </span>
     <span class='ocr_line' id='line_1_48' title="bbox 63 2898 2292 2937; baseline 0.003 -11"><span class='ocrx_word' id='word_1_636' title='bbox 63 2900 132 2927; x_wconf 66' lang='lat'>1391</span> <span class='ocrx_word' id='word_1_637' title='bbox 155 2902 191 2927; x_wconf 86' lang='lat' dir='ltr'>ad</span> <span class='ocrx_word' id='word_1_638' title='bbox 213 2902 281 2928; x_wconf 90' lang='lat' dir='ltr'>Bon.</span> <span class='ocrx_word' id='word_1_639' title='bbox 303 2903 344 2928; x_wconf 89' lang='lat' dir='ltr'>IX</span> <span class='ocrx_word' id='word_1_640' title='bbox 366 2903 455 2933; x_wconf 77' lang='lat' dir='ltr'>rediit,</span> <span class='ocrx_word' id='word_1_641' title='bbox 477 2912 493 2928; x_wconf 80' lang='lat' dir='ltr'>a</span> <span class='ocrx_word' id='word_1_642' title='bbox 512 2911 567 2936; x_wconf 88' lang='lat' dir='ltr'>quo</span> <span class='ocrx_word' id='word_1_643' title='bbox 586 2903 615 2928; x_wconf 92' lang='lat' dir='ltr'>in</span> <span class='ocrx_word' id='word_1_644' title='bbox 633 2911 723 2936; x_wconf 88' lang='lat' dir='ltr'>epum.</span> <span class='ocrx_word' id='word_1_645' title='bbox 746 2903 853 2927; x_wconf 77' lang='lat' dir='ltr'>Tuscul.</span> <span class='ocrx_word' id='word_1_646' title='bbox 875 2903 1020 2927; x_wconf 67' lang='lat' dir='ltr'>restitutus</span> <span class='ocrx_word' id='word_1_647' title='bbox 1040 2905 1087 2928; x_wconf 74' lang='lat' dir='ltr'>est.</span> <span class='ocrx_word' id='word_1_648' title='bbox 1179 2898 1181 2926; x_wconf 66' lang='lat' dir='ltr'>l</span> <span class='ocrx_word' id='word_1_649' title='bbox 1235 2906 1262 2927; x_wconf 84' lang='lat' dir='ltr'>et</span> <span class='ocrx_word' id='word_1_650' title='bbox 1285 2903 1352 2927; x_wconf 76' lang='lat'>1:320</span> <span class='ocrx_word' id='word_1_651' title='bbox 1375 2903 1437 2927; x_wconf 63' lang='lat' dir='ltr'>dan.</span> <span class='ocrx_word' id='word_1_652' title='bbox 1463 2903 1473 2927; x_wconf 97' lang='lat'>1</span> <span class='ocrx_word' id='word_1_653' title='bbox 1498 2902 1595 2927; x_wconf 84' lang='lat' dir='ltr'>Petrus</span> <span class='ocrx_word' id='word_1_654' title='bbox 1616 2902 1650 2927; x_wconf 87' lang='lat' dir='ltr'>de</span> <span class='ocrx_word' id='word_1_655' title='bbox 1671 2902 1805 2928; x_wconf 86' lang='lat' dir='ltr'>Columna</span> <span class='ocrx_word' id='word_1_656' title='bbox 1825 2912 1844 2928; x_wconf 85' lang='lat' dir='ltr'>s.</span> <span class='ocrx_word' id='word_1_657' title='bbox 1867 2904 1963 2937; x_wconf 89' lang='lat' dir='ltr'>Angeli</span> <span class='ocrx_word' id='word_1_658' title='bbox 1984 2905 2052 2931; x_wconf 82' lang='lat' dir='ltr'>diac.</span> <span class='ocrx_word' id='word_1_659' title='bbox 2076 2906 2159 2937; x_wconf 83' lang='lat' dir='ltr'>card.,</span> <span class='ocrx_word' id='word_1_660' title='bbox 2181 2907 2292 2932; x_wconf 83' lang='lat' dir='ltr'>dimissa</span> 
     </span>
    </p>
   </div>
   <div class='ocr_carea' id='block_1_11' title="bbox 136 2941 2008 2980">
    <p class='ocr_par' dir='ltr' id='par_1_32' title="bbox 136 2941 2008 2980">
     <span class='ocr_line' id='line_1_49' title="bbox 136 2941 2008 2980; baseline 0.002 -8"><span class='ocrx_word' id='word_1_661' title='bbox 136 2946 156 2978; x_wconf 88' lang='lat'>⁵)</span> <span class='ocrx_word' id='word_1_662' title='bbox 181 2946 223 2972; x_wconf 85' lang='lat' dir='ltr'>Sic</span> <span class='ocrx_word' id='word_1_663' title='bbox 245 2948 371 2972; x_wconf 77' lang='lat' dir='ltr'>vacantis</span> <span class='ocrx_word' id='word_1_664' title='bbox 392 2948 455 2972; x_wconf 82' lang='grc'>8881.</span> <span class='ocrx_word' id='word_1_665' title='bbox 479 2947 586 2972; x_wconf 84' lang='lat' dir='ltr'>Tuscul.</span> <span class='ocrx_word' id='word_1_666' title='bbox 610 2947 814 2972; x_wconf 78' lang='lat' dir='ltr'>administratio</span> <span class='ocrx_word' id='word_1_667' title='bbox 837 2948 904 2972; x_wconf 82' lang='lat'>1420</span> <span class='ocrx_word' id='word_1_668' title='bbox 925 2947 993 2979; x_wconf 78' lang='lat' dir='ltr'>Aug.</span> <span class='ocrx_word' id='word_1_669' title='bbox 1016 2947 1031 2971; x_wconf 79' lang='lat'>:3</span> <span class='ocrx_word' id='word_1_670' title='bbox 1053 2956 1066 2972; x_wconf 86' lang='grc'>8</span> <span class='ocrx_word' id='word_1_671' title='bbox 1069 2956 1124 2971; x_wconf 79' lang='grc'>111111</span> <span class='ocrx_word' id='word_1_672' title='bbox 1179 2941 1180 2974; x_wconf 69' lang='lat' dir='ltr'>l</span> <span class='ocrx_word' id='word_1_673' title='bbox 1235 2947 1398 2971; x_wconf 71' lang='lat' dir='ltr'>commenda</span> <span class='ocrx_word' id='word_1_674' title='bbox 1419 2947 1462 2971; x_wconf 81' lang='lat' dir='ltr'>tit.</span> <span class='ocrx_word' id='word_1_675' title='bbox 1486 2955 1505 2971; x_wconf 81' lang='lat' dir='ltr'>s.</span> <span class='ocrx_word' id='word_1_676' title='bbox 1530 2947 1604 2972; x_wconf 86' lang='lat' dir='ltr'>Petri</span> <span class='ocrx_word' id='word_1_677' title='bbox 1626 2946 1661 2971; x_wconf 80' lang='lat' dir='ltr'>ad</span> <span class='ocrx_word' id='word_1_678' title='bbox 1681 2947 1751 2972; x_wconf 88' lang='lat' dir='ltr'>vinc.</span> <span class='ocrx_word' id='word_1_679' title='bbox 1774 2948 1882 2979; x_wconf 79' lang='lat' dir='ltr'>(Mollat</span> <span class='ocrx_word' id='word_1_680' title='bbox 1905 2949 2008 2980; x_wconf 88' lang='grc'>10778).</span> 
     </span>
    </p>
   </div>
  </div>
 </body>
</html>
