2482 3178
959 160 961 162 ‚
992 115 1229 157 Corduben„
1253 115 1420 151 Gorfien.

93 226 133 255 tr.
160 222 252 253 Fern.
279 221 320 252 ad
346 221 504 257 Conchen.
551 220 696 252 Guterius
719 219 813 259 (Ruiz
835 220 873 251 de
895 220 1005 259 Mese),
1029 231 1077 260 ep.
1102 219 1229 261 Egitan.

93 275 144 307 ob.
161 275 237 306 Gut.
252 276 344 315 (1336
358 274 450 305 Febr.
464 275 516 313 28)
551 274 691 305 Joannes
714 273 809 305 Perez

93 329 144 360 ob.
164 329 235 360 Joa.
254 329 346 368 (1346
362 339 405 358 m.
425 327 504 367 Jul.)
548 327 729 359 remandas
752 326 899 366 (Nunnez
921 326 1107 366 Cabrera)³),
1131 326 1179 363 el„
1203 336 1292 366 prov.

93 382 144 414 ob.
157 382 250 414 Fern.
273 381 448 421 (1350Feb.
464 381 517 420 15)
547 381 702 417 Martinus
723 380 888 419 (Ximenes
908 380 1049 421 Argote),
1071 380 1171 413 adiac.
1193 380 1224 410 in
1246 378 1398 420 Campis4)

92 436 144 467 ob.
158 436 253 467 Mart.
269 435 360 474 (1362
374 435 450 466 Dec.
466 435 516 473 14)
547 434 689 465 Andreas
712 433 819 473 (Perez
841 434 1010 473 Navarro),
1033 434 1171 464 decanus
1193 433 1266 464 0001.
1292 458 1298 464 .
1324 458 1329 464 .
1355 457 1361 463 .

93 488 250 521 ob.Andr.
265 487 358 527 (1372
372 487 516 529 Sept.14)
547 487 707 523 Alfonsus,
730 498 779 528 ep.
803 488 938 519 Abulen.

506 542 515 590 j
547 542 720 572 Menendus
743 542 778 573 Ο.
802 541 905 580 Min.⁵)

92 569 144 601 ⁰b'
155 568 218 600 ΑΠ’
234 567 327 608 (1378
342 579 384 600 m'
402 567 494 608 Feb')
509 591 513 630 Ι
549 595 688 626 {Ioannes
705 594 888 626 Fernandez
905 594 1043 636 Pantoja
1061 594 1112 634 (de
1129 594 1179 625 ob.
1193 593 1254 625 Cle.
1268 593 1356 632 VII),
1375 593 1412 624 el.
1430 604 1459 624 a.

92 650 144 681 ob.
165 650 236 681 Joa.
256 649 348 689 (1397
366 660 408 680 m.
428 649 503 690 Apr.
547 648 729 680 rei-naudus
753 648 923 687 (Gonzalez
945 648 1054 687 Deza),
1078 647 1203 679 scolast.
1226 648 1284 688 ips.
1309 646 1381 678 0001.

91 704 144 735 ob.
167 703 193 734 F
195 703 328 735 ernandi
550 702 758 733 Gundisalvus
779 702 957 743 (Venegas),
978 701 1078 732 adiac.
1101 701 1203 738 Cord„
1224 700 1273 738 el„
1294 712 1383 742 prov.

1505 220 1582 250 1326
1607 219 1682 260 Apr.
1711 221 1744 250 11

1505 274 1582 303 1336
1600 273 1695 303 Mart.
1714 274 1754 303 20

1505 327 1582 357 1346
1606 326 1682 358 Dec.
1710 328 1743 356 11

1504 380 1583 410 1350
1606 379 1683 411 Maii
1707 381 1743 410 21

1504 434 1582 464 1363
1599 433 1694 465 Mart.
1713 435 1752 464 22

1504 486 1581 518 1372
1603 487 1687 518 Νον.
1712 489 1746 518 11

1504 540 1582 571 1378

1503 594 1581 625 1379
1604 595 1685 635 Aug.
1711 596 1748 626 15

1503 649 1581 678 1398
1603 648 1690 690 Sept.
1712 650 1752 679 20

1503 701 1580 732 1427
1606 702 1685 733 Julii
1710 703 1748 732 10

2264 122 2327 153 209

1800 220 1851 251 Jo.
1863 221 1965 252 XXII
1977 233 2005 253 a.
2019 222 2057 252 10
2067 223 2103 261 (t.
2121 224 2174 263 81)
2186 234 2234 264 ep.
2247 225 2327 255 2144

1800 273 1898 305 Gams
1921 276 1960 305 28

1798 327 1860 358 Cle.
1888 328 1932 358 VI
1957 339 1981 359 S.
2008 329 2026 358 5
2053 330 2089 368 (t.
2118 329 2188 369 177)
2214 341 2263 371 ep.
2290 331 2328 362 47

1797 380 1859 411 Cle.
1887 381 1932 412 VI
1957 393 1984 412 a.
2011 383 2029 412 9
2055 384 2091 422 (t.
2117 384 2189 423 204)
2215 395 2264 425 ep.
2290 386 2308 414 3

1798 434 1876 465 Urb.
1897 435 1924 465 V
1943 436 2002 466 Av.
2024 439 2047 466 t.
2068 437 2085 466 6
2105 436 2126 467 1.
2149 438 2203 467 141

1800 488 1871 519 Gre.
1891 489 1942 520 XI
1962 490 2021 520 Av.
2043 493 2066 520 t.
2089 491 2123 520 11
2146 490 2167 522 1.
2188 492 2226 521 49

1798 552 1887 582 prov.
1912 542 1952 573 ab
1976 543 2054 574 Urb.
2079 543 2123 574 VI

1799 596 1898 627 Gams
1920 597 1960 626 28

1782 649 1875 687 ¹Ben.
1900 649 1987 680 XIII
2010 650 2069 682 Av.
2094 654 2117 682 t.
2142 651 2180 682 27
2204 651 2225 682 f.
2250 653 2267 681 3

1782 689 1892 734 ‘Mart
1908 703 1937 734 V
1950 704 2037 735 Arm.
2053 704 2132 742 ΧΠ,
2151 707 2205 735 121
2223 716 2253 746 p.
2269 706 2330 736 204

419 837 588 874 coi-fian.
613 839 653 870 al.
680 838 892 882 Gor-phion.
918 850 942 871 s.
969 837 1185 883 Gorcyren.
1211 837 1362 881 (Corfu)
1387 838 1420 870 in
1446 839 1507 871 ins.
1534 839 1645 878 Corfu,
1671 842 1810 882 metrop.
1837 842 1918 882 (300
1941 842 1990 884 ss.)

100 968 512 975 ..........
549 944 675 975 Marcus
697 945 735 983 (e.
762 944 889 983 l3lO)1)‚
915 945 1054 976 Joannes

94 1000 134 1028 tr.
160 997 231 1028 Joa.
255 997 297 1028 ad
318 996 483 1038 Hydrunt.
551 998 700 1033 Joannes,
724 1008 771 1038 ep.
796 997 902 1028 Chien.
928 997 977 1037 (Ο.
1001 997 1126 1037 Praed.)

100 1075 512 1082 ..........
551 1051 741 1091 salvianus2)

100 1129 512 1136 ..........
552 1105 676 1135 Gaddus
699 1105 735 1136 O.
760 1104 882 1142 Praed.,
906 1115 954 1145 ep.
980 1105 1130 1146 Stagnen.
1154 1108 1186 1135 et
1208 1105 1369 1135 Curzolen.

551 1159 690 1190 Joannes
714 1159 765 1197 (de
788 1159 898 1197 Porta)

549 1212 734 1243 Franciscus
757 1212 808 1251 (de
830 1212 936 1254 Aptis)

548 1266 705 1301 Nicolaus,
728 1265 867 1297 decanus
889 1267 946 1308 ips.
970 1266 1043 1297 eccl.

549 1319 744 1355 castellinus
767 1320 905 1351 thesaur.
929 1320 986 1361 ips.
1011 1320 1083 1351 eccl.

92 1371 144 1403 ob.
168 1371 330 1404 Castellini
550 1374 689 1405 Joannes
712 1373 764 1412 (de
786 1373 931 1413 Amelia),
954 1374 1040 1415 prior
1061 1374 1134 1405 eccl.
1158 1373 1348 1413 Tudertin.³)

92 1436 155 1457 am.
172 1426 223 1457 ι10.
237 1436 325 1467 sequ.
339 1425 418 1458 Urb.
432 1426 504 1466 VI4)
547 1427 657 1458 Petrus
679 1426 824 1464 Budaua,
848 1427 977 1458 clericus
999 1427 1132 1469 Neapol.

99 1504 510 1511 ..........
547 1481 703 1517 Nimbus,
727 1481 777 1512 cui
799 1492 921 1523 prorog.
946 1486 1036 1513 term.
1060 1481 1138 1512 solv.
1162 1492 1275 1513 comm.
1299 1492 1379 1512 serv.

99 1557 510 1565 ..........
547 1534 643 1566 Pinus
664 1534 853 1574 (Ordelaffi),
875 1546 923 1576 ep.
945 1535 1097 1577 Paphen.‚
1119 1536 1154 1566 in
1173 1535 1301 1573 admin.,
1323 1535 1385 1566 obl.
1407 1546 1439 1566 se

92 1597 196 1618 revoc.
213 1586 244 1617 h.
262 1586 381 1617 admin.
546 1588 672 1619 Marcus
695 1588 934 1628 (Justinianus),
958 1600 1006 1630 ep.
1030 1589 1193 1627 Coronen„
1217 1589 1278 1620 obl.
1302 1588 1361 1628 se5)

93 1640 146 1680 (tr.
169 1639 267 1671 Marci
289 1640 330 1671 ad
352 1640 465 1671 Creten
477 1641 503 1680 2)
546 1642 687 1673 Albanus
710 1642 871 1682 (Micheli),
895 1643 956 1674 obl.
980 1643 1041 1683 se6)

99 1182 512 1189 ··········

93 1214 133 1242 tr.
155 1211 227 1243 Joa.
246 1211 287 1242 ad
305 1211 500 1252 Brundusin.

93 1294 133 1323 tr.
157 1291 270 1323 Franc.
293 1291 334 1322 ad
357 1291 474 1324 Clusin.
507 1265 516 1358 {

93 1696 132 1724 tr.
155 1693 226 1725 Alb.
249 1693 290 1724 ad
311 1694 455 1725 Paduan.
545 1695 694 1731 Hilarius,
715 1695 815 1727 abbas
834 1707 875 1727 m.
896 1707 935 1727 ss.
957 1696 1080 1734 Hilarii,
1103 1697 1194 1738 Greg.
1216 1701 1248 1728 et
1268 1696 1417 1735 Bened.⁷)

92 1746 143 1778 ob.
166 1747 282 1778 Hilarii
549 1749 698 1784 Georgius
720 1749 759 1780 de
781 1749 946 1781 Cadolfino
968 1750 1152 1792 (Delphino)
1176 1751 1212 1782 O.
1236 1750 1348 1782 Praed.

92 1800 143 1831 ob.
169 1800 295 1843 Georgii
545 1802 734 1834 Eustachius
755 1803 794 1834 de
816 1803 998 1842 Leonardis,
1021 1804 1150 1835 clericus
1173 1803 1371 1843 Castellan.⁸)

92 1854 143 1886 ob.
167 1853 333 1886 Eustachii
545 1857 701 1888 Martinus
724 1856 947 1897 (Bernardini),
971 1869 1019 1899 ep.
1042 1858 1227 1889 Mothonen.

1501 954 1526 974 0.
1554 943 1633 973 1320
1740 976 1744 978 q

1503 997 1582 1027 1330
1606 997 1695 1028 Junii
1718 997 1756 1028 27

1504 1051 1582 1080 1340

1504 1105 1578 1134 1341

1504 1212 1582 1242 1348
1606 1212 1682 1243 Maii
1706 1214 1746 1244 30

1504 1266 1582 1295 1348
1603 1267 1686 1297 Nov.
1712 1267 1749 1296 10

1504 1320 1582 1349 1350
1605 1320 1681 1361 Apr.
1709 1321 1746 1350 16

1503 1372 1580 1404 1376
1602 1373 1694 1405 Febr.
1719 1375 1756 1405 15

1503 1426 1580 1458 1379
1607 1428 1681 1459 Jan.
1709 1429 1746 1458 15

1503 1482 1580 1511 1386
1605 1481 1681 1522 Apr.
1709 1483 1746 1512 14

1503 1535 1582 1565 1390
1606 1535 1701 1566 Mart.
1730 1537 1767 1566 18

1503 1589 1582 1619 1390
1599 1589 1676 1620 Deo.
1698 1590 1712 1619 1

1503 1643 1580 1673 1392
1598 1643 1679 1683 Aug.
1698 1643 1716 1673 9

1503 1697 1580 1726 1406
1599 1696 1694 1727 Mart.
1715 1697 1734 1727 8

1502 1751 1580 1780 1413
1602 1750 1690 1791 Sept.
1713 1751 1750 1780 18

1502 1804 1581 1834 1428
1602 1803 1685 1834 Nov.
1708 1805 1747 1834 29

1503 1857 1582 1887 1430
1602 1857 1690 1898 Sept.
1710 1858 1749 1887 25

1783 1033 1784 1051 ἦ
1800 998 1850 1029 110.
1867 998 1969 1030 XXII
1985 1011 2012 1030 a.
2032 1001 2068 1030 14
2084 1003 2120 1040 (t.
2137 1002 2187 1040 95)
2204 1013 2252 1042 ep.
2270 1003 2329 1033 728

1799 1053 1812 1253 [i
1859 1133 1958 1164 Gams
1980 1135 2041 1164 400

1798 1266 1859 1297 Cle.
1884 1267 1928 1298 VI
1950 1279 1978 1299 a.
2002 1268 2020 1298 7
2043 1270 2079 1308 (t.
2105 1270 2174 1309 188)
2198 1281 2246 1311 ep.
2273 1272 2330 1301 194

1797 1319 1859 1351 Cle.
1883 1321 1929 1351 VI
1951 1332 1978 1352 a.
2002 1323 2020 1352 8
2043 1323 2079 1362 (t.
2105 1324 2175 1363 195)
2198 1335 2246 1365 ep.
2272 1325 2329 1355 123

1800 1373 1871 1405 Gre.
1898 1375 1949 1406 XI
1976 1386 2004 1407 a.
2032 1376 2049 1406 6
2077 1377 2114 1416 (t.
2141 1378 2214 1417 289)
2241 1377 2263 1408 1.
2291 1379 2330 1408 59

1797 1427 1860 1458 Cle.
1887 1428 1951 1459 VII
1977 1429 2037 1460 Av.
2064 1433 2088 1461 t.
2117 1431 2154 1461 13
2180 1431 2202 1462 1.
2229 1431 2290 1461 510

1797 1480 1875 1512 Urb.
1901 1482 1946 1513 VI
1972 1482 2043 1514 Obl.
2069 1486 2092 1514 t.
2118 1483 2157 1514 47
2182 1484 2203 1516 f.
2232 1486 2268 1515 16

1798 1534 1877 1567 Bon.
1902 1536 1952 1567 IX
1976 1536 2046 1568 Obl.
2071 1537 2110 1568 48
2133 1537 2154 1569 1.
2179 1539 2218 1569 98

1795 1588 1839 1619 ib.
1859 1589 1880 1620 1.
1902 1591 1957 1620 111
1977 1590 2017 1621 cf.
2036 1590 2108 1622 Lat.
2128 1594 2152 1622 t.
2174 1593 2210 1622 12
2229 1591 2251 1623 f.
2272 1592 2331 1622 194

1796 1642 1838 1673 ib.
1863 1643 1884 1674 1.
1911 1644 1969 1674 138

1797 1696 1868 1727 Inn.
1892 1697 1956 1728 VII
1978 1697 2050 1728 Lat.
2075 1701 2098 1728 t.
2125 1699 2182 1728 125
2204 1698 2226 1729 1.
2250 1699 2309 1729 246

1799 1750 1850 1780 Jo.
1861 1750 1982 1782 XXIII
1993 1762 2021 1782 a.
2033 1752 2052 1781 4
2062 1750 2133 1783 Lat.
2146 1751 2165 1783 l.
2177 1762 2224 1793 pr.
2236 1751 2257 1783 1.
2272 1752 2331 1782 169

1796 1803 1874 1835 Mar.
1891 1804 1919 1835 V
1933 1815 1961 1835 a.
1980 1805 2017 1835 12
2032 1804 2104 1835 Lat.
2120 1805 2139 1836 l.
2159 1805 2253 1836 1541.
2269 1805 2327 1835 251

1796 1858 1875 1888 Mar.
1891 1858 1919 1888 V
1934 1869 1962 1889 a.
1981 1859 2017 1888 13
2032 1858 2104 1889 Lat.
2121 1858 2139 1889 l.
2159 1858 2216 1889 172
2231 1858 2253 1890 1.
2269 1859 2331 1889 266

547 2034 697 2061 corduben.

162 2095 184 2127 ³)
204 2095 299 2121 Adiae.
320 2096 370 2129 ips.
391 2096 466 2127 eccl„
486 2096 556 2122 diac.

162 2149 184 2182 ⁴)
204 2150 238 2175 In
257 2150 321 2175 eccl.
342 2150 479 2176 Palentin.

162 2203 184 2236 ⁵)
204 2203 391 2230 Constituitur
407 2204 534 2230 altarista
551 2205 579 2229 in
597 2205 710 2230 basilica
727 2206 812 2238 princ.
832 2208 921 2238 apost.
940 2205 975 2230 de
992 2205 1068 2231 Urbe
1087 2206 1152 2231 1391

92 2248 172 2276 Febr.
188 2250 221 2275 16
233 2249 306 2281 (Lat.
319 2252 340 2275 t.
356 2249 388 2274 12
399 2249 418 2274 f.
432 2250 483 2275 213
496 2252 524 2275 et
536 2249 600 2275 Vat.
614 2252 634 2275 t.
648 2250 699 2275 313
712 2249 730 2274 1.
744 2250 789 2282 38)
802 2252 830 2275 et
844 2250 911 2275 1392
923 2250 989 2283 Apr.
1003 2250 1019 2275 2
1031 2251 1156 2276 mittitur

92 2294 208 2322 nuntius
226 2296 315 2327 apost.
335 2294 407 2320 sedis
425 2294 461 2320 ad
479 2302 594 2328 regnum
613 2294 770 2320 Trinacriae
789 2294 863 2327 (Vat.
885 2297 905 2320 t.
926 2295 977 2320 313
996 2294 1014 2320 f.
1035 2295 1084 2321 301
1105 2295 1153 2320 cfr.

92 2338 155 2365 Lat.
171 2341 191 2364 t.
208 2339 242 2375 25
256 2338 275 2364 f.
291 2339 342 2366 267
358 2341 387 2364 et
401 2339 472 2371 270).
493 2339 671 2364 Transfertur
687 2340 754 2365 1393
769 2339 805 2365 ad
820 2339 966 2372 Bajonen„
982 2340 1092 2365 interim
1107 2339 1154 2365 ad-

93 2383 272 2409 ministrabat
292 2384 420 2409 ecclesias
441 2383 563 2410 Cervien.
587 2386 616 2409 et
638 2384 761 2414 Oloren.;
784 2393 808 2409 a.
833 2384 902 2410 1390
923 2393 939 2409 a
961 2384 1030 2410 Bon.
1054 2384 1097 2410 IX
1119 2384 1155 2410 ad

92 2428 212 2454 Massan.
231 2428 384 2454 translatus
402 2428 466 2454 huic
483 2428 579 2454 transl.
599 2437 655 2454 non
673 2429 839 2462 praebuerat
857 2437 1029 2455 eonsensum.

566 2518 683 2544 corfien.

164 2581 185 2613 1)
205 2581 247 2606 Eo
264 2581 395 2606 canonice
411 2581 440 2605 in
457 2589 566 2613 aepum.
586 2580 702 2606 Corfien.
723 2584 851 2614 promoto
869 2582 1011 2608 Amballus
1028 2581 1063 2607 de
1080 2582 1155 2607 Luco

93 2626 235 2652 eeclesiam
259 2628 288 2651 et
311 2628 452 2659 aepatum.
478 2625 595 2651 Corfien.
622 2628 725 2651 temere
748 2626 866 2651 intravit
890 2629 918 2651 et
942 2627 1046 2651 vicario
1070 2627 1156 2660 ipsius

93 2671 178 2697 Marci
189 2670 325 2696 violenter
335 2671 425 2703 ejecto
436 2670 464 2695 in
475 2673 616 2703 aepatum.
630 2678 658 2695 se
670 2671 792 2700 intrusit,
805 2679 890 2704 quare
902 2679 995 2704 aepus.
1008 2671 1154 2696 Patracen.

95 2716 163 2741 1310
179 2715 245 2742 Jun.
264 2715 295 2741 13
310 2723 392 2748 super
407 2714 458 2740 1100
473 2715 611 2748 inquirere
625 2715 717 2747 jussus
732 2718 774 2740 est
789 2723 806 2740 a
820 2715 903 2741 Clem.
920 2715 944 2741 V
960 2716 995 2747 (a.
1012 2717 1028 2741 5
1043 2724 1085 2749 ep.
1103 2716 1154 2742 302

93 2760 136 2786 ed.
156 2769 229 2786 mon.
249 2760 316 2785 Ben.
336 2760 426 2791 5430).
445 2774 481 2777 -—
499 2759 565 2785 Jam
584 2759 696 2785 Carolus
714 2759 728 2784 Ι
747 2768 795 2785 rex
810 2760 917 2785 Siciliae
935 2769 1044 2793 aepum.
1061 2760 1156 2786 Rom.-

93 2805 167 2830 cath.
190 2805 218 2830 in
239 2805 329 2830 insula
350 2804 494 2838 Corcyren.
518 2805 672 2829 instituisse
693 2807 721 2829 et
743 2813 767 2829 a.
793 2805 860 2830 1284
882 2805 997 2838 quidam
1019 2806 1156 2832 Antonius

94 2858 186 2883 nepus
207 2849 324 2875 Corfien.
345 2849 429 2874 fuisse
448 2849 558 2874 dicitur.

147 2911 274 2932 memmius
286 2911 395 2932 catholica
408 2911 474 2932 modu
486 2911 541 2932 aevi.
557 2911 585 2931 1¹.

1333 2034 1354 2066 ²)
1374 2034 1427 2060 Hic
1445 2035 1550 2068 primus
1567 2037 1610 2060 est
1626 2035 1655 2059 in
1673 2035 1741 2060 serie
1758 2043 1817 2067 aep.
1837 2034 1955 2060 Corfien.
1975 2034 2051 2067 apud
2067 2034 2149 2059 Gams
2166 2034 2228 2064 400,
2247 2042 2332 2067 quem

1261 2082 1417 2113 sequuntur
1435 2079 1550 2105 Gaddus
1567 2082 1595 2104 et
1613 2079 1749 2109 Joannes;
1767 2082 1863 2104 utrum
1880 2079 1923 2104 1110
1940 2078 2015 2104 idem
2031 2079 2086 2104 fuit
2102 2087 2134 2104 ac
2151 2078 2332 2113 supradictus

1263 2125 1396 2154 Joannes‚
1414 2125 1461 2157 qui
1478 2133 1502 2149 a.
1523 2124 1591 2149 1330
1607 2124 1642 2149 ab
1659 2124 1722 2149 0001.
1741 2123 1834 2149 Chien.
1853 2123 1889 2148 ad
1906 2123 2023 2149 Corfien.
2042 2123 2196 2149 translatus
2213 2124 2277 2148 est?

1332 2178 1354 2209 3)
1374 2177 1462 2208 Diae.5
1479 2178 1571 2211 legum
1588 2177 1695 2207 doctor,
1712 2177 1808 2210 capell.
1830 2177 1855 2203 S.
1875 2177 1916 2207 P„
1933 2185 2008 2202 caus.
2027 2176 2080 2209 pal.
2099 2179 2189 2210 apost.
2209 2177 2329 2202 auditor.

1333 2231 1354 2263 4)
1375 2231 1413 2257 Et
1431 2231 1467 2256 ab
1485 2240 1518 2256 eo
1538 2231 1605 2258 1378
1626 2231 1702 2264 Sept.
1724 2231 1756 2256 18
1774 2231 1803 2256 in
1821 2230 1900 2256 Card.
1921 2230 2052 2263 promoti,
2072 2230 2120 2263 qui
2138 2230 2243 2255 admin.
2264 2229 2328 2255 0001.

1262 2276 1380 2302 Corfien.
1396 2277 1541 2302 retinuisse
1555 2275 1674 2301 videtur.
1703 2275 1782 2301 Certe
1796 2283 1891 2300 curam
1906 2275 2136 2308 poenitentiariae
2150 2274 2194 2300 die
2209 2275 2242 2300 28
2257 2274 2329 2308 Aug.

1265 2321 1332 2348 1378
1349 2321 1384 2346 ab
1401 2321 1468 2346 Urb.
1487 2320 1526 2346 VI
1543 2320 1595 2345 sibi
1611 2320 1787 2345 commissam
1804 2322 1868 2353 post
1884 2320 1974 2352 ipsam
1991 2321 2109 2352 promot.
2128 2319 2157 2344 in
2173 2318 2247 2344 card.
2267 2319 2331 2344 reti-

1263 2366 1349 2391 nebat
1364 2374 1452 2399 usque
1468 2365 1503 2390 ad
1520 2365 1536 2390 2
1553 2364 1614 2390 Oct.
1634 2365 1710 2395 1378,
1728 2373 1783 2397 quo
1799 2364 1843 2389 die
1860 2364 1884 2389 ei
1901 2364 2043 2389 Elzearius
2059 2363 2132 2388 eard.
2151 2363 2185 2388 de
2205 2363 2331 2389 Sabrano

1263 2411 1291 2435 in
1311 2410 1362 2435 hoc
1383 2419 1496 2435 munere
1515 2409 1647 2435 succedit.

1334 2464 1355 2496 ⁵)
1375 2464 1429 2489 Pro
1443 2472 1472 2489 se
1486 2467 1515 2488 et
1529 2463 1654 2497 praedem
1670 2463 1785 2490 Nieolao
1800 2465 1828 2487 et
1844 2462 1968 2492 Joanne3
1984 2461 2027 2486 hic
2044 2461 2168 2487 Joannes
2183 2461 2257 2486 idem
2272 2469 2330 2487 esse

1263 2509 1376 2534 videtur
1385 2517 1417 2533 00
1429 2509 1447 2534 J
1449 2516 1553 2533 oannes
1563 2507 1740 2541 supradictus
1750 2507 1785 2532 ad
1796 2516 1820 2532 a.
1835 2507 1911 2537 1376,
1923 2506 1967 2531 ille
1977 2506 2109 2532 Nicolaus
2119 2506 2180 2539 ejus
2191 2514 2332 2531 successor

1263 2553 1409 2579 habendus
1427 2556 1477 2578 est.
1499 2553 1552 2578 Cfr.
1574 2552 1635 2577 Lat.
1657 2554 1677 2577 t.
1700 2552 1732 2577 12
1751 2551 1769 2577 f.
1793 2552 1851 2577 194.

1336 2607 1358 2638 ⁶)
1378 2607 1431 2632 Pro
1450 2615 1478 2632 se
1497 2609 1526 2632 et
1545 2606 1669 2639 praedec.
1690 2605 1792 2635 Marco,
1813 2605 1937 2635 Nieolao,
1960 2604 2078 2630 Joanne.

1337 2661 1358 2692 ⁷)
1378 2661 1420 2686 De
1431 2660 1554 2686 Venetiis
1567 2660 1598 2685 O.
1614 2659 1639 2685 S.
1654 2659 1685 2684 B.
1710 2658 1771 2684 Obl.
1785 2667 1813 2684 se
1827 2659 1895 2684 1406
1907 2658 1989 2683 Mart.
2003 2658 2037 2683 30
2050 2657 2122 2689 (Obl.
2137 2660 2157 2683 t.
2172 2658 2205 2684 57
2218 2657 2237 2682 1.
2253 2658 2329 2689 100);

1264 2707 1308 2731 0111
1322 2706 1389 2732 1407
1403 2705 1468 2730 Dec.
1483 2705 1516 2729 23
1529 2713 1546 2729 a
1560 2704 1622 2729 Gre.
1636 2703 1695 2729 XII
1708 2703 1876 2736 indulgetur,
1891 2702 1986 2736 „quod
1999 2702 2035 2727 ab
2048 2702 2111 2727 eccl.
2127 2710 2177 2727 sua
2190 2710 2219 2727 se
2232 2702 2330 2727 absen-

1264 2753 1324 2776 tare
1340 2753 1368 2775 et
1384 2749 1420 2775 ad
1435 2750 1536 2779 locum,
1552 2749 1601 2774 ubi
1616 2748 1741 2774 studium
1757 2748 1851 2781 vigeat
1866 2747 2002 2781 generale,
2024 2749 2058 2772 ut
2073 2746 2167 2772 studio
2184 2746 2252 2779 juris
2269 2754 2329 2771 can.

1264 2795 1332 2821 inibi
1349 2795 1469 2824 insistat,
1487 2802 1515 2818 se
1532 2793 1680 2818 transferre
1697 2792 1809 2818 Valeat“
1827 2792 1900 2823 (Lat.
1920 2794 1940 2817 t.
1961 2792 2008 2817 131
2028 2791 2046 2817 f.
2067 2792 2137 2823 126).

1338 2848 1359 2879 ⁸)
1379 2848 1450 2881 Mag.
1472 2848 1500 2872 in
1519 2850 1582 2877 art„
1602 2847 1634 2873 27
1655 2855 1679 2871 0.
1701 2854 1791 2879 agens.

2115 2904 2155 2934 27
