2482 3178
194 119 232 150 16
735 114 967 150 Cardinales
991 115 1066 148 sub
1091 114 1245 148 Joanne
1269 93 1389 154 X'xn,
1414 113 1580 148 Nicolao
1605 114 1638 148 V
1663 114 1887 158 (antipapa)

195 224 245 262 14)
267 221 443 253 Pilusfortis
464 221 502 252 de
522 219 789 258 Rabasten(ehi)s‚
812 230 860 259 ep.
877 218 991 249 Riven.
1019 234 1050 243 z
1077 219 1127 249 tit.
1152 230 1175 250 s.
1201 219 1400 255 Anastasiae,
1423 218 1442 258 †
1464 218 1594 249 sedente
1617 218 1721 249 adhuc
1746 218 1873 249 Joanne
1894 218 1996 249 XXII
2020 219 2105 258 (Bal.
2129 219 2213 259 748),-

196 277 246 316 15)
268 277 379 307 Petrus
399 275 542 306 Textoris
563 274 600 305 de
622 283 647 305 s.
669 272 869 311 Antonin0‚1)
892 271 1168 303 vicecancellarius
1194 288 1225 298 =
1252 273 1303 303 tit.
1327 283 1350 303 s.
1377 271 1532 312 Stephani
1555 273 1586 303 in
1610 271 1642 302 C.
1665 283 1720 309 m.,
1743 272 1762 311 †
1786 273 1864 302 1325
1887 271 1963 313 Apr.
1988 272 2066 303 1—7
2089 273 2173 312 (Bal.
2197 272 2282 313 749),-

196 332 246 371 16)
268 330 466 362 Raimundus
487 329 525 360 de
545 328 645 359 Rufio
667 327 794 366 (Russo,
818 326 937 365 Roux),
960 325 1171 363 Caturcensis,
1194 336 1293 366 nepos
1312 341 1343 350 z
1364 325 1445 356 diac.
1463 336 1486 356 s.
1502 325 1622 356 Mariae
1638 326 1669 356 in
1685 325 1864 363 Cosmedin,
1880 326 1899 365 †
1917 327 1995 357 1325
2010 337 2053 357 m.
2069 326 2152 357 Nov.
2170 327 2254 366 (Bal.
2271 326 2357 367 750),-

876 414 909 453 d)
932 415 967 445 in
988 420 1096 455 quarta
1116 415 1305 456 promotione
1325 415 1375 445 'die
1397 414 1437 445 18
1457 414 1529 446 Dec.
1553 415 1633 445 1327
1654 415 1769 446 habita.-

198 491 247 531 17)
273 493 412 523 Joannes
431 490 468 521 de
489 489 651 523 convenis,
673 498 741 527 aep.
764 486 933 523 Tholosan,
958 501 989 511 Ξ
1014 486 1064 516 tit.
1087 497 1110 517 s.
1133 486 1257 523 vitalis,
1280 490 1391 527 postea
1413 487 1518 526 (1331)
1539 497 1588 527 ep.
1610 487 1761 518 Portuen.
1785 488 1861 526 (non
1883 486 2030 526 Ostien.),
2052 486 2137 528 vulg.
2161 487 2440 527 „Convenarum“,

358 545 376 583 †
401 544 478 573 1344
501 542 592 581 (alias
618 542 706 579 1348)
731 540 812 570 Nov.
836 541 876 570 20
898 539 982 579 (Bal.
1008 539 1094 579 753),-

199 600 248 638 18)
270 598 467 629 Annibaldus
483 595 653 635 (Gaietani)
669 595 706 625 de
721 595 870 629 ceccano,
886 604 955 634 aep.
972 593 1175 634 Neapolitan.
1196 609 1226 618 z
1246 594 1297 624 tit.
1314 604 1337 624 s.
1354 593 1519 625 Laurentii
1535 594 1565 624 in
1581 593 1669 631 Luc„
1686 598 1798 635 postea
1814 595 1852 634 (c.
1869 605 1897 625 a.
1917 595 2007 633 1333)
2024 605 2072 635 ep.
2090 594 2258 626 Tusculan.
2287 595 2356 634 (cfr.
2372 598 2440 628 not.

360 650 400 681 ad
423 662 468 680 nr.
495 651 555 688 12),
579 649 597 688 ’ἷ-
623 649 700 678 1350
722 658 762 678 m.
789 646 853 677 Jul.
878 646 928 677 vel
950 646 1030 687 Aug.
1055 646 1139 686 (Bal.
1165 647 1250 686 755),-

273 705 410 736 Jacobus
431 703 551 735 Novelli
573 702 748 741 (Fournier)
773 700 808 731 O.
833 700 919 737 Cist„
943 711 991 741 ep.
1016 700 1214 741 Mirapiscen.
1242 716 1273 725 z
1300 701 1350 731 tit.
1375 712 1398 731 s.
1423 700 1558 737 Priscae,
1582 704 1693 741 postea
1716 701 1910 732 Benedictus
1932 712 2016 742 papa
2037 701 2105 732 XII
2130 701 2214 741 (Bal.
2237 701 2323 742 757),-

271 758 469 790 Raimundus
491 757 528 788 de
548 755 755 790 Mostuejolis‚
779 754 970 794 Aquitanus,
994 765 1042 794 ep.
1066 765 1089 785 s.
1114 754 1227 795 Papuli
1254 770 1284 779 z
1311 754 1362 785 tit.
1387 766 1409 785 s.
1435 754 1574 791 Eusebii,
1597 755 1616 794 †
1641 755 1677 784 12
1700 754 1782 785 Nov.
1809 756 1886 785 1335
1910 757 1986 795 (non
2011 754 2099 792 1337,
2124 755 2194 786 Bal.
2218 755 2303 796 758);

274 867 384 898 Petrus
405 865 442 896 de
464 864 553 899 capis
576 862 757 902 (Chappes),
783 861 902 898 Gallus,
925 872 973 901 ep.
998 861 1166 892 Carnoten.
1194 877 1225 886 z
1251 862 1302 892 tit.
1322 873 1345 892 s.
1369 861 1499 892 Martini
1522 862 1552 892 in
1575 861 1750 899 montibus,
1773 862 1792 902 †
1816 863 1894 892 1336
1916 862 2011 893 Mart.
2034 863 2074 893 24
2097 862 2181 901 (Bal.
2204 862 2290 903 674),-

199 708 249 746 19)

198 761 249 800 20)

197 814 249 853 21)
271 813 382 845 Petrus
402 811 440 842 de
460 809 679 843 Mox-tuemini,
701 808 946 844 Lemovioensis,
969 819 1016 848 ep.
1042 807 1292 839 Autissiodoren.
1320 823 1351 832 z
1378 808 1429 839 tit.
1453 819 1477 839 s.
1503 808 1659 849 Stephani
1681 809 1711 839 in
1735 808 1840 840 Coelio
1862 820 1916 846 m.,
1939 809 1958 849 †
1982 810 2019 839 14
2042 808 2117 849 Apr.
2143 808 2264 849 133532)

200 868 251 906 22)

199 921 251 960 23)

273 919 454 951 Matthaeus
469 918 506 948 de
520 917 642 948 Ursinis
660 915 695 946 O.
714 915 836 951 Praed„
854 915 1029 952 Romanus,
1046 926 1115 956 aep.
1135 915 1293 956 Sipontin.
1315 930 1346 940 Ξ
1368 916 1418 946 tit.
1436 926 1476 946 ss.
1496 915 1631 946 Joannis
1646 919 1679 947 et
1694 916 1796 953 Pauli,
1814 919 1925 957 postea
1942 917 2035 955 (1338
2050 916 2126 947 Dec.
2146 917 2195 956 18)
2211 927 2260 957 ep.
2280 915 2441 955 Sabinen.,

363 972 381 1011 Τ
406 973 442 1001 18
465 971 544 1010 Aug.
570 970 649 1000 1340
673 969 754 1008 (Bal.
779 968 864 1007 765),-

200 1028 251 1067 24)
273 1027 384 1058 Petrus
404 1025 548 1059 Gometii,
567 1023 750 1059 Toletanus,
769 1033 818 1063 ep.
838 1021 1060 1062 Carthaginen.
1085 1038 1115 1047 z
1138 1022 1188 1053 tit.
1209 1033 1232 1053 s.
1253 1022 1415 1059 Praxedis,
1436 1022 1520 1063 vulg.
1541 1022 1747 1064 „Hispanus“
1769 1023 1837 1062 (cfr.
1857 1034 1928 1064 pag.
1951 1025 1988 1054 15
2006 1027 2073 1054 not.
2094 1024 2135 1063 6),
2155 1027 2267 1064 postea
2285 1025 2340 1063 (m.
2359 1023 2440 1065 Aug.

362 1090 390 1110 a.
416 1079 505 1117 1341)
529 1088 576 1118 ep.
603 1076 790 1116 Sabinen.,³)
813 1076 832 1115 †
856 1076 893 1105 14
917 1075 995 1106 Julii
1018 1076 1096 1106 1348
1118 1077 1194 1115 (non
1220 1077 1307 1113 1349,
1333 1075 1402 1107 Bal.
1427 1075 1511 1115 765),-

200 1135 251 1174 25)
273 1134 429 1165 Imbertus
444 1132 481 1164 de
494 1133 594 1163 Puteo
610 1130 771 1171 (Dupuis),
788 1129 1096 1170 MontepessulanuS,
1112 1140 1210 1170 nepos
1229 1145 1260 1154 z
1280 1129 1428 1160 basilicae
1445 1129 1513 1160 XII
1530 1130 1758 1170 apostolorum,
1776 1130 1860 1172 vulg.
1878 1130 1939 1168 „de
1954 1130 2090 1168 Puteo“‚
2105 1141 2220 1162 camer.
2236 1141 2260 1162 s.
2277 1130 2347 1162 coll.
2365 1131 2444 1162 1340

365 1186 430 1217 Jul.
456 1187 502 1223 11,
525 1185 544 1225 †
566 1186 604 1215 26
627 1184 702 1215 Maii
727 1185 804 1214 1348
827 1185 902 1222 (non
929 1182 1015 1220 1347,
1042 1183 1110 1214 Bal.
1135 1183 1221 1222 768),-

201 1242 252 1281 26)
277 1242 416 1272 Joannes
437 1240 474 1271 de
497 1239 658 1273 Columna,
682 1238 857 1274 Romanus,
881 1236 1136 1278 archipresbyter
1157 1236 1306 1267 Lateran.
1333 1252 1364 1261 z
1390 1236 1471 1268 diac.
1495 1248 1518 1267 s.
1542 1237 1664 1278 Angeli,
1687 1237 1706 1277 †
1728 1239 1746 1268 3
1771 1237 1849 1269 Julii
1874 1239 1951 1268 1348
1975 1239 2051 1277 (non
2075 1238 2163 1276 1347,
2188 1237 2258 1270 Bal.
2281 1237 2367 1278 767)‚·

797 1328 825 1365 e)
848 1327 883 1356 in
904 1326 1012 1367 quinta
1033 1327 1221 1367 promotione
1242 1326 1292 1357 die
1312 1326 1352 1356 25
1373 1326 1414 1357 al.
1437 1326 1477 1357 24
1499 1326 1587 1357 Maii
1608 1325 1687 1357 1331
1710 1325 1824 1357 habita:

202 1401 252 1441 27)
277 1400 386 1441 (Elias)
399 1399 613 1435 Talayrandus
627 1410 643 1429 e
657 1398 764 1429 comit.
780 1397 1024 1439 Petragoricen.,
1039 1408 1087 1438 ep.
1103 1383 1354 1429 Autissiodoren.
1373 1413 1405 1423 =
1423 1398 1474 1429 tit.
1489 1409 1513 1429 s.
1529 1397 1615 1428 Petri
1630 1397 1671 1428 ad
1685 1397 1823 1435 vincula,
1838 1401 1951 1439 postea
1964 1399 1995 1437 (4
2009 1398 2092 1429 Nov.
2109 1399 2200 1438 1348)
2214 1409 2263 1440 ep.
2275 1398 2443 1438 Albanen„

365 1464 504 1494 nuncup.
527 1452 612 1483 card.
636 1451 939 1492 Petragoricensis,4)
962 1451 982 1490 †
1004 1451 1161 1483 Avinione
1185 1451 1220 1482 17
1246 1451 1319 1482 Jan.
1346 1453 1438 1488 1364;

889 1541 913 1580 i)
937 1541 971 1572 in
992 1546 1078 1572 sema
1099 1541 1287 1582 promotione
1309 1540 1358 1571 die
1378 1540 1419 1571 20
1440 1540 1512 1571 Dec.
1536 1540 1615 1571 1331
1638 1540 1752 1572 habita:

202 1617 254 1655 28)
276 1616 386 1647 Petrus
406 1614 571 1646 Bertrandi
593 1624 668 1650 sen„
692 1613 863 1650 Arvernus,
886 1624 934 1653 ep.
958 1612 1099 1644 Aeduen.
1126 1628 1158 1638 -—-
1184 1613 1234 1643 tit.
1259 1623 1282 1643 s.
1306 1612 1487 1650 Clementis,
1510 1611 1595 1653 vulg.
1621 1611 1886 1652 ‚,Aeduensis“‚†
1908 1612 2065 1644 Avinione
2087 1613 2126 1643 23
2150 1612 2240 1644 Junii
2262 1613 2379 1653 1348.⁵)

975 1714 1100 1747 XXI-².
1147 1714 1342 1748 Nicolaus
1365 1713 1404 1747 V
1427 1714 1672 1756 (antipapa).

204 1794 330 1834 (Petrus
348 1792 550 1825 Rainalducii
567 1792 606 1823 de
624 1791 774 1823 Coi-bario
791 1791 889 1822 dioec.
909 1791 1036 1822 Reatin.
1057 1791 1092 1822 O.
1112 1792 1213 1830 Min),
1232 1790 1283 1822 die
1303 1792 1339 1821 12
1357 1791 1433 1822 Maii
1452 1792 1530 1821 1328
1548 1791 1672 1822 Romae
1689 1792 1831 1822 instante
1848 1790 2013 1823 Ludovico
2031 1792 2158 1823 Bavaro
2176 1803 2233 1834 pro
2250 1793 2443 1834 imperatore

366 1848 584 1878 Romanorum
600 1857 632 1877 se
648 1849 775 1886 gerente
792 1845 910 1876 electus
926 1838 959 1876 et
975 1856 1049 1875 mox
1067 1845 1292 1884 (verisimiliter
1310 1846 1357 1882 15,
1375 1849 1462 1876 certo
1478 1849 1553 1875 ante
1572 1846 1609 1875 18
1625 1845 1701 1876 Maii
1719 1846 1810 1884 1328)
1827 1849 2009 1883 coronatus,
2026 1846 2191 1877 renuntiat
2206 1841 2346 1888 primum
2362 1846 2442 1879 Pisis
2477 1840 2482 1841 ⁷

365 1901 416 1932 die
432 1902 470 1931 25
489 1901 509 1931 J
512 1900 566 1931 ulii
584 1900 672 1936 1330,
689 1898 803 1930 deinde
820 1899 975 1930 Avinione
992 1900 1030 1929 25
1048 1899 1127 1940 Aug.
1145 1903 1178 1929 et
1195 1900 1212 1928 (3
1232 1898 1318 1939 Sept.
1339 1899 1418 1928 1330
1433 1898 1593 1939 dignitati,
1613 1898 1675 1935 „ad
1688 1909 1786 1939 quam
1798 1902 1865 1929 tam
1877 1900 2043 1930 temerarie
2056 1899 2268 1941 arrogandam
2280 1899 2441 1939 inductus,

367 1955 431 1985 imo
453 1954 602 1985 seductus
624 1956 729 1990 erat“;
753 1952 832 1983 obiit
855 1952 1010 1983 Avinione
1035 1953 1071 1982 16
1094 1952 1164 1983 Oct.
1190 1953 1268 1982 1333
1291 1952 1375 1992 (Bal.
1400 1951 1510 1991 702).⁶)

750 2055 810 2092 Ab
841 2067 881 2091 eo
910 2054 1027 2092 creati
1049 2060 1141 2092 sant
1164 2054 1206 2092 hi
1230 2054 1601 2103 pseudocardz'nales
1629 2054 1746 2102 (Bal.
1775 2054 1896 2103 707).-

865 2150 895 2188 a)
919 2149 953 2179 in
974 2149 1077 2189 prima
1098 2150 1287 2190 promotione
1308 2149 1357 2180 die
1379 2149 1418 2180 15
1440 2149 1528 2180 Maii
1549 2149 1629 2180 1328
1649 2148 1764 2180 habita.-

229 2224 257 2262 1)
282 2224 419 2254 Jacobus
442 2222 584 2261 (Alberti)
607 2221 644 2252 de
665 2221 769 2256 Prato,
793 2220 867 2251 olim
882 2231 931 2261 ep.
955 2220 1162 2260 Castellan.,7)
1189 2236 1220 2246 ε
1247 2232 1295 2262 ep.
1320 2221 1440 2252 Ostien.
1465 2225 1497 2252 et
1518 2220 1731 2260 Velletren.;⁸)

226 2278 257 2316 2)
280 2277 463 2308 Franciseus
485 2277 560 2314 (non
583 2274 810 2312 Hermannus)‚
834 2273 933 2304 abbas
955 2274 1122 2315 cujusdam
1145 2285 1229 2305 mon.
1254 2275 1285 2306 in
1310 2274 1481 2305 Germania
1506 2290 1537 2300 z
1563 2285 1611 2315 ep.
1637 2273 1802 2311 Albanen.,
1826 2274 1845 2313 †
1867 2277 1942 2305 ante
1964 2275 1983 2304 2
2008 2273 2094 2314 Sept.
2121 2275 2213 2311 1328;

281 2374 300 2405 1)
322 2374 414 2398 Abbas
446 2381 517 2398 mon.
549 2382 569 2398 s.
603 2373 743 2399 Saturnini
775 2372 806 2398 O.
841 2374 866 2398 S.
898 2372 930 2398 A.

281 2419 301 2450 2)
324 2418 396 2443 Alias
411 2427 434 2443 a.
453 2418 519 2443 1345
534 2418 577 2442 vel
594 2418 660 2443 1350
675 2418 747 2449 (Bal.
764 2418 834 2448 761).
867 2417 987 2447 Quidam
1002 2417 1147 2450 scriptores
1161 2425 1225 2442 eum
1240 2417 1267 2441 in

209 2508 260 2533 iste
276 2507 381 2536 Petrrm,
398 2507 444 2532 sed
462 2507 557 2531 Petrus
572 2507 615 2532 tit.
632 2515 652 2531 s.
670 2506 800 2531 Praxedis
821 2508 857 2538 (v.
874 2515 957 2539 supra
977 2514 1017 2531 nr.
1039 2506 1083 2537 24)
1104 2515 1128 2531 a.
1153 2506 1220 2531 1340
1240 2506 1267 2530 in

208 2560 300 2586 epum.
323 2551 450 2577 Sabinen.
472 2554 614 2584 promotus
634 2554 683 2576 est.

279 2597 300 2627 ³)
321 2596 424 2621 Camer.
446 2604 465 2620 s.
487 2595 545 2620 coll.
569 2596 633 2620 1331
655 2596 735 2621 Mart.
757 2597 773 2620 5
792 2611 826 2613 ἡ
848 2596 914 2620 1340
934 2603 969 2620 m.
992 2595 1062 2626 Ju1.;
1093 2595 1141 2620 cfr.
1164 2598 1222 2620 not.
1242 2595 1266 2620 2.

280 2641 301 2672 ⁴)
323 2640 465 2670 „Recessit
486 2640 520 2664 de
541 2639 620 2665 Curia
646 2641 713 2665 1356
736 2640 811 2665 Junii
836 2640 866 2664 21
890 2648 1010 2665 unacum
1032 2639 1105 2664 card.
1129 2639 1265 2673 Urgellen.

210 2685 333 2717 (XXIII,
357 2686 398 2715 18)
419 2685 532 2709 nuntius
551 2685 578 2708 in
598 2684 742 2709 Franciam
762 2684 936 2709 destinatus‘⁴
954 2684 1026 2716 (Bal.
1048 2685 1119 2715 770).

278 2729 299 2761 ⁵)
319 2729 406 2754 Alias:
436 2729 504 2754 1349
525 2728 590 2754 Jun.
615 2729 649 2753 24
669 2729 741 2760 (Bal.
766 2729 834 2760 782).
863 2729 975 2754 Praeter
988 2728 1038 2754 hos
1051 2737 1103 2754 sec.
1119 2728 1265 2754 Ciam-Old.

207 2782 255 2808 per
269 2773 333 2799 Joh.
349 2773 435 2798 XXII
450 2773 486 2798 ad
499 2773 572 2806 dign.
589 2773 691 2798 cardin.
711 2774 829 2806 promoti
846 2776 922 2798 sunt:
943 2773 1117 2798 Raimundus
1135 2773 1267 2798 Albertus

211 2818 378 2844 Gottolanus
395 2817 425 2843 O.
445 2817 469 2842 b.
488 2818 523 2842 M.
542 2817 575 2842 de
591 2817 683 2847 Mero„
706 2818 804 2842 Petrus
824 2817 857 2842 de
878 2818 1011 2843 Praelatis
1036 2817 1139 2847 Gallus,
1166 2817 1266 2842 Guilel-

207 2871 269 2888 mus
282 2862 316 2888 de
329 2862 392 2887 Tria
408 2862 510 2891 Gallus,
529 2861 645 2887 Michael
670 2861 810 2887 Ebrardus
826 2871 842 2887 a
859 2871 878 2887 s.
899 2862 1017 2895 Sulpitio
1036 2861 1140 2891 Gallus,
1167 2862 1267 2887 Petrus

208 2907 311 2933 Aurioli
344 2915 403 2940 aep.
436 2906 552 2940 Aquen.,
580 2906 702 2932 Joannes
735 2906 780 2937 (de
807 2906 915 2938 Plessis)
944 2915 986 2940 ep.
1012 2906 1175 2932 Atrebatem.
1213 2906 1266 2932 Sed

1322 2368 1323 2406 ζ
1377 2371 1513 2405 quidquid
1530 2372 1567 2397 sit
1589 2371 1623 2396 de
1643 2374 1765 2404 quatuor
1785 2371 1931 2404 prioribus,
1955 2371 2070 2396 Petrum
2094 2370 2199 2396 Aurioli
2223 2370 2356 2397 confundi
2378 2379 2442 2399 cum

1322 2410 1323 2419 ¹
1377 2416 1584 2449 praedecessore
1607 2424 1658 2441 suo
1682 2416 1766 2441 Petro
1789 2415 1823 2441 de
1848 2415 1933 2441 Prato
1958 2417 1995 2446 (v.
2021 2424 2104 2448 supra
2126 2423 2167 2441 nr.
2193 2415 2236 2448 12)
2254 2418 2284 2441 et
2302 2415 2442 2444 Joannem

210 2471 300 2496 epum.
322 2463 449 2488 Sabinen.
468 2465 626 2495 promotum
645 2471 702 2487 esse
720 2462 825 2491 dieunt,
843 2461 891 2487 sed
908 2464 1001 2487 errant
1019 2462 1046 2486 in
1064 2469 1193 2494 persona;
1212 2469 1268 2486 non
1321 2486 1322 2494 ἵ

1321 2500 1322 2510 ³
1376 2505 1555 2530 manifestum
1582 2508 1633 2530 est.

1376 2461 1409 2486 de
1436 2461 1533 2486 Plessis
1562 2469 1625 2486 cum
1651 2460 1776 2493 praedec.
1805 2468 1855 2485 suo
1883 2460 1993 2486 Joanne
2016 2460 2092 2486 dicto
2115 2459 2252 2486 Monacho
2278 2459 2384 2492 (XVII,
2411 2461 2439 2494 4)

1446 2549 1467 2581 ⁶)
1487 2549 1521 2575 In
1538 2549 1618 2575 Arch.
1637 2549 1699 2575 Vat.
1718 2552 1812 2574 exstat
1827 2557 1915 2574 unum
1932 2549 2079 2582 registrum
2095 2549 2179 2582 hujus
2193 2549 2345 2583 antipapae
2361 2549 2440 2584 (sign.

1375 2603 1414 2619 nr.
1433 2595 1502 2626 118),
1518 2594 1593 2627 quod
1606 2597 1672 2619 ante
1685 2594 1742 2619 duo
1756 2594 1818 2619 circ.
1833 2593 1968 2619 decennia
1982 2593 2065 2619 modo
2078 2593 2243 2619 abbreviato
2256 2593 2360 2627 publici
2372 2593 2442 2627 iuris

1375 2638 1481 2664 factum
1495 2641 1538 2664 est
1551 2639 1579 2663 in
1594 2638 1716 2672 periodio
1730 2638 1806 2663 dicto
1821 2638 2039 2668 „Archimlische
2051 2637 2221 2670 Zeitschrist“
2236 2640 2256 2663 t.
2272 2637 2313 2664 IV
2326 2638 2440 2671 (N.‘F.).
2472 2668 2475 2669 .

1446 2683 1466 2714 ⁷)
1487 2683 1511 2708 A
1530 2683 1640 2709 Joanne
1659 2683 1746 2708 XXII
1765 2686 1886 2713 amotus,
1905 2691 1938 2708 eo
1956 2682 2031 2716 quod
2049 2685 2142 2716 partes
2160 2682 2295 2708 Ludovici
2313 2682 2382 2708 Bav.
2400 2690 2441 2709 se-

1374 2731 1455 2753 cutus
1466 2730 1534 2758 erat,
1547 2736 1629 2760 quem
1640 2728 1725 2753 etiam
1737 2728 1765 2752 in
1776 2728 1972 2760 imperatorem
1984 2727 2064 2752 Rom.
2078 2727 2222 2752 coronavit
2232 2727 2315 2752 sicuti
2325 2727 2442 2754 Petrum

1375 2772 1455 2797 Rain.
1477 2773 1504 2797 in
1524 2772 1741 2805 pseudopapam.

1445 2816 1466 2848 8)
1487 2816 1518 2842 A.
1548 2817 1615 2842 1329
1640 2816 1710 2842 abiit
1736 2817 1764 2841 in
1792 2815 1971 2841 Germaniam
1996 2815 2090 2849 ibique
2115 2816 2277 2849 praesertim
2302 2815 2441 2844 Monachii

1374 2861 1608 2891 commorabatur,
1633 2861 1766 2886 continuo
1789 2869 1882 2894 epum.
1908 2860 2012 2886 Ostien.
2037 2862 2066 2885 et
2089 2860 2235 2885 Velletren.
2260 2862 2346 2893 atque
2368 2859 2441 2888 sedis

1374 2909 1463 2939 apost.
1484 2905 1606 2939 legatum
1626 2905 1763 2931 nominari
1782 2913 1810 2930 se
1830 2904 1942 2935 faciens,
1962 2904 1978 2937 †
1998 2907 2062 2938 post
2080 2913 2105 2930 a.
2129 2904 2204 2930 1335.
