2482 3178
181 147 246 179 518

992 144 1173 183 Vauren„
1196 142 1367 186 Veglen„
1391 142 1604 178 Venafran.

721 243 900 277 vaureu.
926 242 1112 283 (Lavaur)
1136 242 1170 273 in
1195 241 1311 282 Gallia,
1337 241 1427 273 suffr.
1454 241 1633 273 Tholosan.
1659 242 1760 281 (2500
1787 241 1874 282 ss.)¹)

188 353 599 360 ..........
636 328 790 362 Rogerius
820 327 1069 367 (d'Armagnac)‚
1100 326 1201 357 adiac.
1232 325 1422 366 Agennen.²)

637 381 793 412 Robertus
818 380 869 419 (de
895 380 1022 418 Bearn).
1049 380 1148 410 adiac.
1175 378 1406 418 xanctonen-²)

638 434 889 464 Archambaldus
914 433 953 464 de
980 433 1140 470 Lautrico,
1168 434 1249 463 cans
1265 433 1443 471 Parisien.⁴¹)

182 386 222 413 tr.
249 382 329 422 Rog.
356 381 396 412 ad
422 381 567 412 Laudun.

183 436 233 466 ob.
258 435 391 465 Roberti

184 493 222 520 tr.
240 489 333 520 Arch.
350 488 390 519 ad
406 487 595 519 Cathalaun.

184 542 234 573 ob.
258 542 340 572 Rob.
366 543 470 580 (1383)

184 600 223 626 tr.
250 596 326 636 Aeg.
353 595 393 626 ad
419 594 560 625 Anicien.

185 649 235 680 ob.
261 648 444 687 Guidonis⁶)

185 703 235 734 ob.
247 702 333 733 Petri
344 701 545 741 (a.l405Jan.
557 702 608 739 23)

185 759 224 787 tr.
251 755 352 786 Bertr.
378 755 418 786 ad
442 754 596 785 Biterren.

185 813 224 840 tr.
253 809 339 839 Petri
366 809 407 839 ad
435 808 557 838 Albien.

185 874 250 895 rev.
274 862 304 893 h.
328 862 447 893 admiu.

639 487 794 518 Rohertus
821 487 871 525 (de
897 486 997 525 Voie),
1024 497 1072 527 ep.
1099 486 1261 517 Lodoven.

639 541 787 575 Aegidius
814 540 973 579 (Aiscelini
998 540 1037 570 de
1064 539 1262 578 Bellemere5)

640 648 750 678 Petrus
771 646 822 685 (de
842 647 975 685 Vissac),
997 658 1045 687 ep.
1067 658 1090 677 S.
1113 646 1196 677 Flori

679 943 850 988 veglen.
876 944 1037 988 (Veglia)
1062 944 1096 976 in
1119 944 1229 976 insula
1253 945 1451 985 cognomini,
1476 944 1567 977 suffr.
1594 945 1727 977 Jadren.
1753 946 1831 985 (100
1855 945 1878 977 ss

642 594 743 624 Guido
768 593 807 623 de
834 594 949 634 Ruppe
977 593 1028 631 (de
1054 593 1083 623 la
1110 593 1242 631 Roche),
1270 592 1370 623 adiac.
1399 593 1555 624 Turonen.

640 701 832 732 Bertrandus
859 700 910 739 (de
936 700 1128 738 Maumont),
1156 711 1204 740 ep.
1232 699 1430 740 Mirapiscen.

640 755 750 786 Petrus
774 754 918 794 Nepotis.
943 753 979 784 el.
1006 754 1098 792 (1408
1124 754 1197 784 Jan.
1226 754 1285 792 14),
1310 753 1392 784 conf.

640 808 751 839 Petrus
778 807 948 846 (Gerardi),
977 818 1025 847 ep.
1055 806 1265 845 Tusculan.⁷)‚
1293 807 1328 837 in
1354 806 1470 837 admira.

643 862 783 892 Joannes
809 860 898 897 Belli,
925 871 994 891 can.
1022 861 1202 897 Carnoten.‚
1229 860 1311 891 decr.
1338 860 1478 899 doctorss)

1598 325 1673 356 1317
1702 325 1772 356 Oct.
1800 327 1839 356 26

1598 380 1675 409 1338
1705 379 1780 410 Maii
1810 380 1848 409 22

1599 433 1676 462 1348
1702 432 1784 463 Nov.
1813 434 1850 463 14

1599 485 1676 516 1357
1704 486 1783 527 Aug.
1811 487 1847 516 21

1600 540 1676 570 1383
1705 539 1774 570 Oct.
1803 540 1821 569 8

1601 593 1678 623 1390
1705 593 1775 623 Oct.
1803 594 1842 623 25

1601 647 1678 676 1395
1707 646 1785 677 Julii
1816 647 1851 676 12

1601 700 1678 730 1405
1705 699 1796 731 Febr.
1824 701 1842 730 9

1602 753 1678 783 1409
1706 753 1775 784 Oct.
1804 754 1840 783 21

1602 808 1675 836 1411
1704 807 1798 837 Mart.
1825 808 1860 837 21

1602 861 1678 890 1412
1708 861 1783 901 Apr.
1814 862 1831 890 6

192 1037 604 1045 ..........
640 1012 793 1047 Marinus,
827 1022 891 1052 quo
925 1011 987 1042 def.
1023 1011 1165 1042 succedit
1186 1012 1371 1043 Lambertus
1394 1011 1430 1043 Ο.
1455 1011 1558 1051 Min.2)
1604 1012 1683 1042 1290
1707 1012 1800 1043 Mart.
1827 1013 1846 1042 8

186 1071 225 1098 tr.
248 1066 360 1097 Lamb.
383 1066 423 1097 ad
446 1066 597 1106 Aquinat.

187 1121 237 1151 ob.
261 1119 444 1158 Matthaeiss)

187 1174 237 1205 ob.
259 1174 399 1204 Thomae
420 1174 458 1212 (c.
482 1172 599 1211 1311)⁴¹)

188 1230 240 1267 (tr.
258 1228 350 1268 Bonj.
367 1227 408 1258 ad
424 1227 560 1257 Bosnen.
574 1227 600 1264 ἵ)

641 1065 822 1096 Matthaeus
845 1065 894 1103 (O.
920 1065 1009 1103 Min.)

642 1172 847 1207 Bonioannes
871 1174 931 1212 (ep.
956 1171 1171 1211 Asculan.2)5)

644 1226 846 1261 Lompredius
872 1225 1106 1265 (Lampredus),
1131 1225 1221 1256 sedet

187 1308 237 1338 Ob.
262 1306 461 1348 Lamprediss)
647 1280 796 1314 Joarmes,
820 1289 868 1319 ep.
894 1279 1054 1318 Ayconen.
1084 1279 1132 1318 (ἰ)

644 1386 842 1421 Thomasius,
865 1385 927 1416 obl.
951 1396 983 1416 se

189 1441 239 1471 ob.
263 1441 404 1471 Thomae

189 1495 239 1525 ob.
263 1494 414 1532 Nicolai7)

642 1119 780 1150 Thomas
807 1118 842 1149 O.
870 1118 945 1149 Min.
975 1119 1067 1157 (1302
1096 1118 1183 1159 Sept.
1211 1120 1228 1149 2
1255 1118 1321 1159 jam
1348 1121 1499 1158 consecr.)

647 1333 796 1368 «Ioannes,
824 1332 924 1363 adiac.
952 1332 1009 1372 ips.
1038 1332 1122 1369 eccl„
1150 1332 1242 1369 diac„
1270 1332 1318 1369 e1.,
1346 1343 1435 1373 prov.

644 1439 801 1474 Nicolaus‚
828 1450 875 1479 ep.
904 1438 1059 1480 Vigilien„
1087 1439 1214 1480 postu1.,
1242 1450 1330 1480 prov.

644 1493 801 1528 Nieolaus,
828 1492 929 1523 adiac.
957 1493 1015 1533 ips.
1043 1493 1128 1529 eccl,
1157 1493 1205 1530 el.,
1233 1504 1322 1534 prov.
1351 1493 1382 1532 (†
1411 1495 1501 1532 1435)

1605 1067 1681 1095 1299

1605 1120 1682 1149 1302
1709 1119 1789 1159 Aug.
1819 1121 1855 1150 13

1606 1174 1693 1209 1312,
1719 1174 1795 1202 1326

1606 1227 1684 1256 1330

1607 1281 1683 1310 1358
1713 1279 1790 1310 Julii
1818 1281 1836 1310 2

1606 1334 1685 1363 1360
1711 1332 1781 1364 Oct.
1810 1333 1827 1364 7

1606 1387 1683 1417 1389
1709 1386 1803 1417 Mart.
1830 1388 1849 1416 5

1607 1441 1680 1470 1421
1714 1441 1788 1481 Apr.
1819 1441 1855 1470 21

1607 1494 1681 1524 1421
1710 1494 1792 1524 Νον.
1822 1494 1859 1523 10

1892 326 1943 357 Jo.
1962 326 2064 357 XXII
2083 337 2111 357 a.
2130 328 2148 357 2
2168 328 2203 366 (t.
2223 327 2275 367 67)
2293 339 2342 369 ep.
2361 329 2422 360 388

1891 379 1968 410 Ben.
1989 379 2056 410 XII
2077 391 2104 411 a.
2125 381 2144 410 4
2165 382 2201 420 (t.
2224 382 2293 420 125)
2314 392 2362 423 ep.
2383 383 2422 413 53

1891 432 1953 463 Cle.
1977 433 2022 463 VI
2044 444 2072 464 a.
2096 433 2114 464 7
2137 435 2173 473 (t.
2199 435 2269 474 188)
2291 445 2339 476 ep.
2365 435 2423 466 102

1892 486 1962 517 Inn.
1993 486 2038 517 VI
2067 487 2127 518 Av.
2158 491 2181 518 t.
2213 489 2250 518 16
2279 488 2300 519 f.
2330 488 2370 519 75

1892 539 1954 570 Cle.
1981 539 2044 570 VII
2070 540 2129 571 Av.
2157 544 2179 572 t.
2206 542 2245 571 29
2270 541 2291 572 f.
2320 543 2377 572 159

1892 593 1954 624 Cle.
1981 593 2044 624 VII
2070 594 2129 625 Av.
2157 598 2179 625 t.
2207 594 2245 625 57
2271 594 2292 626 f.
2321 594 2377 626 107

1894 647 1970 677 Ben.
1998 646 2084 678 XIII
2110 648 2170 678 AV.
2197 652 2220 679 t.
2250 649 2264 678 1
2292 648 2314 679 f.
2340 647 2399 679 207

1895 700 1971 731 Β811.
1998 700 2084 731 XIII
2111 701 2170 732 Av.
2198 705 2221 732 t.
2248 702 2289 732 40
2313 701 2334 733 f.
2361 702 2400 732 82

1896 753 1984 784 Alex.
2005 753 2033 784 V
2051 754 2138 785 Arm.
2158 754 2237 792 XII,
2259 756 2314 785 121
2336 765 2366 796 p.
2388 755 2425 786 16

1897 807 1948 838 Jo.
1963 807 2083 838 XXIII
2098 818 2126 838 a.
2145 809 2158 838 1
2174 807 2245 839 Lat.
2261 808 2281 839 l.
2297 808 2315 839 7
2329 808 2351 839 f.
2368 809 2426 840 142

1898 861 1949 891 Jo.
1961 861 2080 891 XXIII
2092 872 2120 892 a.
2132 862 2150 891 2
2160 861 2231 892 Lat.
2243 861 2263 893 l.
2275 872 2321 903 pr.
2333 861 2355 893 f.
2366 862 2427 893 205

1882 947 1902 984 -)
1915 946 1938 982 ¹)

1897 1012 1965 1043 Nic.
1993 1012 2038 1043 IV
2062 1023 2089 1044 a.
2116 1014 2134 1043 3
2159 1024 2207 1054 ep.
2233 1015 2272 1044 65
2298 1014 2404 1054 (2418)

1899 1066 1997 1097 Gams
2019 1067 2079 1097 425

1898 1119 1977 1150 Bon.
1996 1119 2078 1150 VIII
2095 1131 2123 1151 a.
2141 1121 2160 1150 8
2178 1122 2214 1160 (t.
2232 1121 2284 1160 50)
2301 1131 2350 1162 ep.
2368 1120 2430 1152 220

1897 1175 1909 1270 ἑ
1963 1200 2061 1231 Gams
2083 1201 2142 1231 425

1899 1279 1969 1311 Inn.
1997 1280 2041 1311 VI
2069 1281 2128 1311 AV.
2156 1284 2179 1312 t.
2209 1282 2246 1312 18
2272 1280 2294 1312 f.
2320 1281 2381 1312 334

1899 1333 1970 1364 Inn.
1998 1333 2042 1364 VI
2068 1334 2128 1365 AV.
2156 1338 2179 1365 t.
2206 1335 2245 1365 23
2271 1334 2292 1366 f.
2319 1335 2358 1365 96

1899 1387 1976 1418 Urb.
2004 1387 2049 1418 VI
2076 1387 2146 1419 Obl.
2172 1389 2212 1419 48
2236 1387 2258 1419 f.
2285 1387 2323 1419 77

1899 1441 1992 1471 Mart.
2013 1441 2041 1471 V
2058 1451 2086 1473 a.
2106 1442 2125 1471 4
2142 1441 2214 1472 Lat.
2233 1441 2253 1473 l.
2272 1441 2311 1473 57
2329 1441 2351 1473 f.
2372 1442 2431 1472 118

1899 1494 1941 1525 ib.
1965 1494 1986 1525 f.
2013 1495 2070 1525 194

710 1576 979 1611 Velesbuden.
1004 1589 1030 1609 v.
1056 1576 1322 1612 Belesbuden.
1349 1597 1390 1600 —
1413 1576 1587 1612 Wellen.
1612 1588 1638 1609 v.
1660 1578 1903 1613 Bathonien.

546 1656 770 1692 Venafran.
796 1658 836 1690 al.
862 1656 1081 1692 Venefran.
1107 1657 1307 1699 (Venafro)
1332 1659 1365 1690 in
1390 1658 1486 1690 Italia
1509 1658 1614 1698 infer„
1640 1659 1730 1691 suffr.
1758 1658 1906 1700 Capuan.
1933 1659 1993 1699 (70
2019 1658 2069 1701 ss.)

648 1780 668 1811 J
668 1788 797 1814 oannes,
821 1778 911 1809 sedet

191 1834 241 1864 ob.
267 1833 402 1864 Joannis
425 1833 530 1872 (1294)

665 1931 783 1957 vaureu.

262 1985 283 2017 1)
303 1985 349 2011 Er.
379 1985 445 2011 1317
472 1984 543 2010 Nov.
571 1984 586 2011 7
613 1992 627 2009 e
653 1983 779 2017 partibus
804 1983 890 2009 dioec.
918 1983 1075 2014 Tholosan„
1102 1983 1259 2009 constituta

191 2030 305 2056 eeclesia
326 2038 347 2055 s.
370 2029 472 2055 Helani
494 2029 633 2062 prioratus
654 2028 774 2054 Vauren.
798 2028 826 2053 in
848 2027 971 2054 cathedr.
1020 2027 1074 2054 Cfr.
1099 2028 1144 2054 Jo.
1168 2027 1259 2054 XXII

191 2083 215 2101 a.
236 2075 253 2100 2
273 2075 304 2107 (t.
325 2074 370 2106 67)
390 2082 432 2108 ep.
454 2074 513 2099 998.

262 2119 284 2151 2)
304 2118 343 2144 Et
366 2127 425 2144 can.
451 2118 593 2148 Parisien„
618 2117 732 2143 clericus
756 2120 878 2147 tantum,
904 2117 948 2142 cui
974 2117 1041 2143 1318
1066 2117 1146 2142 Febr.
1175 2117 1207 2142 15
1233 2119 1262 2142 et

193 2164 261 2190 1319
285 2163 350 2189 Jan.
375 2164 391 2189 5
414 2171 521 2196 prorog.
546 2165 658 2195 tempus
680 2162 761 2195 recip.
787 2170 888 2187 munus
911 2170 1041 2192 consecr„
1065 2161 1140 2195 quod
1164 2161 1263 2195 recipit

193 2209 262 2234 1320
280 2208 345 2234 Jan.
364 2208 398 2234 27
417 2207 527 2240 (Mollat
543 2215 583 2232 nr.
603 2207 682 2237 6290,
701 2206 779 2237 7374,
799 2206 905 2238 10944).
931 2206 984 2232 Cfr.
1006 2206 1139 2232 Auxitan.
1157 2208 1216 2231 not.
1236 2207 1260 2231 4.

262 2252 284 2284 3)
304 2252 405 2286 capell.
428 2252 454 2278 S.
476 2252 517 2282 Ρ.,
538 2251 661 2277 clericus.

263 2297 284 2329 ⁴¹)
304 2296 432 2327 Clericus,
452 2297 486 2322 23
505 2305 530 2322 a.
551 2304 644 2330 agens.

263 2341 284 2373 ⁵)
304 2341 399 2367 Adiac.
414 2341 589 2371 Avinionen„
602 2343 656 2366 utr.
669 2340 722 2373 jur.
736 2339 816 2373 prof„
829 2340 883 2365 litt.
896 2342 986 2373 apost.
1000 2338 1125 2365 contrad.
1139 2339 1260 2365 auditor.

265 2386 287 2418 ⁶)
312 2385 365 2416 Qui
380 2385 498 2411 decessit
514 2385 543 2410 in
559 2385 619 2410 loco
635 2384 669 2410 de
685 2384 782 2410 Monte
797 2384 856 2410 alto
872 2392 957 2418 prope
973 2384 1149 2410 Avinionem.
1183 2383 1262 2409 Inter

193 2439 257 2457 eum
273 2433 302 2456 et
317 2430 432 2456 Petmm
448 2429 524 2463 apud
538 2429 620 2455 Gams
635 2437 662 2463 p.
680 2429 733 2455 560
748 2429 862 2462 ponitur
877 2430 1034 2456 Boi-nardus
1049 2428 1084 2454 de
1100 2428 1262 2454 Caseneuve

194 2475 375 2508 (Ohevenon),
401 2475 448 2507 qui
473 2474 585 2507 quidem
610 2474 638 2499 in
663 2482 754 2507 epum.
780 2473 900 2499 Vauren.
927 2481 1057 2503 consecr„
1084 2482 1100 2498 a
1125 2472 1179 2499 Cle.
1205 2472 1262 2498 VII

193 2528 259 2545 vero
282 2527 338 2544 non
361 2519 498 2544 admissus
521 2518 651 2544 ecclesiae
674 2518 815 2551 Agennen.
841 2517 997 2551 praefectus
1020 2520 1063 2543 est
1086 2517 1183 2542 eodem
1207 2516 1262 2546 die,

196 2572 252 2598 quo
272 2563 371 2589 Petrus
391 2563 426 2588 de
446 2563 541 2589 Vissae
561 2563 597 2588 ab
617 2563 680 2588 eccl.
703 2571 722 2588 s.
745 2562 818 2588 Flori
838 2562 874 2587 ad
894 2562 1014 2587 Vauren.
1037 2562 1190 2587 translatus
1209 2564 1262 2587 est.

270 2608 291 2639 7)
311 2608 374 2633 Non
394 2608 493 2633 Petrus
512 2607 538 2632 d’
559 2607 642 2640 Ailly,
662 2607 734 2632 sicut
753 2607 852 2640 legitur
871 2606 947 2640 apud
964 2606 1053 2632 Gams.
1092 2606 1146 2632 Cfr.
1167 2605 1263 2639 Appa-

197 2653 274 2678 miar.
295 2660 322 2677 n.
344 2652 367 2677 9.

271 2696 292 2728 ⁸)
312 2696 412 2729 Capell.
440 2696 465 2722 S.
491 2696 531 2726 Ρ.,
556 2704 629 2721 caus.
654 2695 707 2729 pal.
732 2698 822 2729 apost.
847 2695 966 2721 auditor.
1014 2695 1076 2720 Obl.
1101 2703 1130 2720 se
1153 2702 1262 2728 person.

200 2742 267 2767 1412
289 2741 355 2774 Apr.
380 2741 412 2766 12
434 2740 506 2772 (Obl.
530 2741 564 2766 56
585 2740 603 2765 f.
628 2741 686 2771 65);
718 2740 734 2772 †
758 2741 834 2766 1433.

676 2820 787 2851 Veglen.

270 2874 291 2907 1)
311 2874 353 2900 De
371 2874 509 2900 sententia
527 2874 562 2899 ab
581 2874 642 2898 Inn.
662 2873 707 2898 III
728 2874 794 2899 1213
812 2873 894 2898 Mart.
917 2873 948 2898 19
966 2873 1024 2898 lata
1042 2873 1070 2897 in
1088 2879 1172 2897 causa
1190 2872 1263 2897 inter

197 2927 288 2953 epum.
312 2919 424 2952 Veglen.
448 2921 477 2944 et
499 2918 610 2943 clericos
633 2917 716 2943 castri
738 2917 855 2943 Musculi
877 2919 1004 2943 vertente
1027 2916 1074 2942 cfr.
1099 2916 1162 2942 Vet.
1186 2915 1260 2941 Mon.

200 2964 273 2990 Slav.
294 2963 390 2989 Merid.
411 2963 435 2994 Ι,
455 2964 496 2988 46.

644 1725 855 1763 Rainaldus,¹)
883 1725 923 1755 ab
950 1725 987 1756 el.
1015 1725 1156 1766 Capuan.
1185 1725 1295 1766 praef„
1323 1737 1412 1766 prov.

646 1833 788 1864 Andreas
810 1832 849 1863 de
874 1832 1030 1871 Aversa‚2)
1055 1843 1143 1873 prov.
1168 1843 1186 1862 a
1209 1832 1291 1863 Coel.
1317 1832 1354 1869 V,
1378 1833 1461 1864 conf.

1608 1781 1685 1810 1289

1608 1835 1685 1863 1295
1714 1833 1789 1864 Dec.
1823 1834 1858 1863 12

1608 1727 1685 1757 1252
1712 1726 1804 1757 Febr.
1834 1727 1870 1756 15

1901 1726 1971 1757 Inn.
1986 1726 2031 1757 IV
2043 1737 2071 1757 a.
2085 1727 2103 1757 9
2115 1737 2164 1768 ep.
2180 1727 2238 1757 140
2248 1737 2273 1758 s.
2287 1726 2380 1767 (5576
2391 1727 2431 1767 s.)

1902 1780 2000 1811 Gams
2023 1781 2081 1810 939

1901 1834 1980 1864 Bon.
2006 1833 2088 1864 VIII
2113 1844 2141 1865 a.
2170 1835 2183 1864 1
2210 1844 2259 1875 ep.
2285 1833 2345 1869 579

1433 1931 1455 1963 ²)
1476 1931 1537 1965 Rej.
1562 1931 1672 1957 Joanne
1694 1931 1729 1957 de
1751 1931 1838 1965 Vegla
1860 1931 1892 1957 Ο.
1916 1931 1983 1957 Min.
2007 1934 2036 1957 et
2058 1931 2192 1957 Zacharia
2214 1931 2246 1958 Ο.
2271 1930 2369 1958 Praed.
2402 1931 2432 1958 in

1362 1975 1429 2001 disc.
1446 1976 1478 2001 el.
1510 1975 1550 2002 Of.
1567 1976 1627 2002 Nic.
1645 1976 1685 2002 IV
1700 1976 1742 2002 ed.
1759 1976 1888 2009 Lanylois
1902 1984 1942 2002 nr.
1960 1976 2038 2002 6902.
2069 1976 2102 2002 A.
2121 1976 2190 2002 1296
2206 1976 2263 2002 Jul.
2280 1976 2324 2007 26,
2339 1975 2433 2002 adhue

1363 2028 1438 2054 epus.
1457 2020 1580 2055 Veglen„
1598 2021 1780 2047 constituitur
1797 2020 1917 2047 vicarius
1934 2020 2018 2046 Urbis
2035 2029 2052 2046 a
2068 2020 2138 2046 Bon.
2156 2020 2229 2047 VIII
2247 2021 2284 2054 (a.
2302 2021 2319 2046 2
2336 2028 2379 2055 ep.
2397 2020 2434 2048 85

1362 2065 1398 2091 de
1417 2066 1493 2091 ouria
1512 2065 1554 2091 ed.
1589 2065 1694 2098 Diqard
1719 2066 1798 2097 1640)
1823 2068 1853 2091 et
1874 2065 1942 2092 1297
1962 2065 2028 2091 Maii
2048 2065 2083 2091 25
2103 2064 2271 2091 transfertur
2289 2064 2327 2091 ad
2345 2064 2433 2099 Aqui-

1363 2113 1467 2141 naten„
1493 2119 1579 2144 quare
1603 2110 1801 2144 Hieronymus,
1827 2110 1875 2144 qui
1899 2109 2053 2136 secundum
2075 2109 2158 2135 Gamo
2181 2110 2206 2135 ei
2229 2109 2383 2144 resignanti
2406 2117 2432 2136 a.

1365 2155 1433 2181 1295
1453 2155 1482 2180 in
1502 2155 1566 2181 ecel.
1588 2154 1692 2189 Veglen
1711 2154 1874 2180 successisse
1894 2154 2006 2185 dicitur,
2027 2153 2211 2180 eliminandus
2231 2162 2290 2180 esse
2310 2153 2432 2180 videtur.

1434 2209 1456 2241 ³)
1476 2209 1554 2235 Inter
1575 2217 1639 2234 eum
1661 2211 1690 2235 et
1711 2208 1848 2234 Thomam
1870 2208 1946 2243 apud
1967 2208 2049 2234 aams
2069 2208 2184 2242 ponitur
2205 2207 2326 2234 Imnius
2347 2206 2384 2234 ad
2405 2215 2431 2236 a.

1365 2254 1442 2284 1304,
1462 2253 1584 2279 Thomas
1602 2262 1668 2279 vero
1687 2256 1845 2279 recensetur
1863 2253 1899 2279 ad
1921 2261 1946 2278 a.
1969 2253 2046 2279 1308.

1434 2307 1456 2340 ⁴)
1476 2307 1555 2333 Inter
1575 2315 1638 2332 eum
1659 2310 1689 2333 et
1709 2307 1903 2340 Bonjoannem
1925 2306 2000 2340 apud
2020 2306 2103 2332 Gams
2123 2306 2237 2339 ponitur
2257 2305 2294 2331 ad
2314 2314 2339 2332 a.
2363 2305 2435 2332 1314

1365 2352 1385 2379 J
1386 2352 1489 2378 acobus
1498 2351 1640 2382 Bertaldo,
1650 2351 1829 2384 Bonjoannes
1838 2353 1933 2377 autem
1945 2351 2013 2377 1326
2022 2350 2124 2376 sedisse
2132 2350 2247 2381 dicitur3
2257 2349 2306 2377 cfr.
2315 2358 2344 2376 n.
2354 2357 2431 2385 sequ.
2470 2355 2482 2378 “.

1435 2406 1457 2439 ⁵)
1477 2406 1520 2437 Ei,
1542 2406 1590 2440 qui
1611 2406 1639 2431 in
1661 2414 1711 2431 sua
1731 2405 1854 2436 ecclesia,
1876 2413 1962 2438 quam
1982 2405 2011 2430 in
2032 2404 2154 2430 nationis
2174 2411 2321 2438 perversae
2341 2403 2434 2430 medio

1365 2451 1548 2477 constitutam
1579 2451 1799 2476 scismaticorum
1830 2450 1961 2483 impietas
1991 2449 2150 2482 occupavit,
2181 2448 2347 2474 commorari
2377 2455 2435 2474 nou

1365 2498 1467 2530 potest,
1486 2495 1673 2521 committitur
1691 2494 1794 2520 admin.
1815 2494 1976 2519 monasterii
1993 2492 2103 2519 Farfen.
2124 2492 2156 2519 Ο.
2178 2492 2204 2520 S.
2223 2492 2256 2519 B.
2276 2492 2364 2518 dioec.
2385 2491 2434 2519 Sa-

1365 2540 1456 2566 binen.
1478 2540 1546 2566 1312
1564 2539 1629 2565 Dec.
1650 2540 1683 2564 22
1701 2548 1718 2565 a
1735 2539 1790 2565 Cle.
1809 2538 1834 2564 V
1853 2539 1888 2570 (a.
1908 2539 1925 2564 8
1942 2546 1985 2571 ep.
2005 2538 2039 2564 69
2056 2537 2100 2563 ed.
2119 2537 2197 2563 Mon.
2219 2537 2286 2563 Ben.
2305 2537 2397 2569 8953).

1439 2594 1460 2626 ⁸)
1480 2593 1563 2627 Apud
1579 2593 1661 2619 Gams
1677 2593 1702 2618 ei
1719 2593 1777 2625 jam
1794 2601 1818 2618 a.
1840 2592 1908 2618 1332
1926 2591 2049 2617 succedit
2066 2590 2181 2624 quidam
2198 2590 2339 2622 Nieolaus,
2356 2592 2434 2616 uter·

1366 2646 1420 2672 que
1441 2641 1535 2664 autem
1559 2638 1683 2664 Joannes
1704 2640 1733 2663 et
1754 2637 1920 2662 Thomasius
1941 2635 2141 2662 desiderantur.

1439 2692 1460 2724 ⁷)
1485 2691 1537 2723 Qui
1561 2691 1636 2725 apud
1658 2691 1740 2716 Gams
1763 2690 1944 2716 confunditur
1967 2697 2031 2715 cum
2055 2696 2210 2714 successore
2233 2696 2284 2714 suo
2307 2687 2432 2720 Nicolao.
2466 2689 2482 2692 ’“

1826 2760 1974 2788 Venafran.

1438 2817 1459 2848 1)
1479 2815 1580 2849 Capell.
1604 2814 1739 2848 Stephani
1758 2814 1802 2840 tit.
1824 2822 1844 2839 s.
1866 2813 1970 2839 Mariae
1989 2815 2067 2838 trans
2086 2812 2146 2838 Tib.
2167 2811 2258 2846 presb.
2279 2810 2365 2842 card„
2385 2810 2435 2845 qui

1369 2862 1437 2887 1254
1453 2869 1489 2886 m.
1509 2860 1574 2886 Jan.
1592 2860 1621 2885 in
1638 2859 1720 2885 Curia
1737 2858 1818 2884 Rom.
1836 2858 1917 2884 adest
1932 2860 1961 2883 et
1979 2857 2048 2883 1286
2065 2857 2131 2883 Jun.
2150 2857 2167 2882 5
2183 2856 2225 2882 lic.
2244 2855 2369 2882 testandi
2385 2854 2433 2881 ob-

1367 2906 1439 2932 tinet
1469 2905 1548 2938 (Reg.
1568 2903 1642 2929 Hon.
1663 2903 1703 2929 IV
1723 2903 1765 2929 ed.
1787 2903 1862 2928 Prou
1886 2910 1925 2928 nr.
1946 2902 2019 2934 514).

1439 2959 1460 2991 ²)
1480 2957 1635 2984 Familiaris
1656 2957 1682 2983 S.
1703 2957 1734 2982 P.
